@inproceedings{scene-15,
     author = {Lazebnik, S. and Schmid, C. and Ponce, J.},
     booktitle = {CVPR},
     title = {Beyond Bags of Features: Spatial Pyramid Matching for Recognizing Natural Scene Categories.},
     year = {2006}
}

@inproceedings{NUSWIDE,
 author = {Chua, Tat-Seng and Tang, Jinhui and Hong, Richang and Li, Haojie and Luo, Zhiping and Zheng, Yantao},
 title = {{NUS-WIDE}: a real-world web image database from {N}ational {U}niversity of {S}ingapore},
 booktitle = {CIVR},
 year = {2009},
}

@inproceedings{Feyereisl2015,
     author = {Jan Feyereisl and Suha Kwak and Jeany Son and Bohyung Han},
     booktitle = {NIPS},
     title = {Object Localization based on Structural {SVM} using Privileged Information.},
     year = {2015}
}

@inproceedings{HuaGang2014,
     author = {Qilin Zhang and Gang Hua and Wei Liu and Zicheng Liu and Zhenyoug Zhang},
     title = {Can Visual Recognition Benefi from Auxiliary Information in Training?},
     booktitle = {ACCV},
     year = {2014}
}

@inproceedings{Srivastava2012,
     author = {Srivastava, N. and Salakhutdinov, R.},
     title = {Multimodal learning with deep boltzmann machines},
     booktitle = {NIPS},
     year = {2012}
}

@inproceedings{Chen2013,
     author = {Chen, J. and Liu, X. and Lyu, S.},
     title = {Boosting with side information},
     booktitle = {ACCV},
     year = {2012}
}

@inproceedings{Ding2014,
   Author = {JZhengming Ding and Ming Shao and Yun Fu},
   Title = { Latent Low-Rank Transfer Subspace Learning for Missing Modality Recognition},
   Year  = {2014},
   booktitle = {AAAI}
}

@inproceedings{lsda,
   Author = {Judy Hoffman and Sergio Guadarrama and Eric Tzeng and
           Ronghang Hu and Jeff Donahue and Ross Girshick and
           Trevor Darrell and Kate Saenko},
   Title = { {LSDA}: Large Scale Detection through Adaptation},
   Year  = {2014},
   booktitle = {NIPS}
}

@Article{SuTransfer,
  author      = {Gupta, Saurabh and Hoffman, Judy and Malik, Jitendra  },
  title       = {Cross Modal Distillation for Supervision Transfer},
  journal  = {arXiv:1507.00448},
  year={2015}
}

@inproceedings{DistillingCNN,
  title={Distilling the Knowledge in a Neural Network},
  author={Hinton, Geoffrey and Vinyals, Oriol and Dean, Jeff},
  booktitle={Deep Learning and Representation Learning Workshop, NIPS},
  year={2014}
}



@inproceedings{DaiCVPR2015,
     author = {D. Dai and T. Kroeger and R. Timofte and L. {Van Gool}},
     booktitle = {CVPR},
     title = {Metric imitation by manifold transfer for efficient vision applications.},
     year = {2015}
}

@InProceedings{SR4VTs:wacv16,
  author = {Dengxin Dai and Yujian Wang and Yuhua Chen and Luc {Van Gool}},
  title = {Is Image Super-resolution Helpful for Other Vision Tasks?},
  booktitle = {IEEE Winter Conference on Applications of Computer Vision (WACV)},
  year = {2016}
}


@inproceedings{deepnet:nips12,
    title = {ImageNet Classification with Deep Convolutional Neural Networks},
    author = {Alex Krizhevsky and Sutskever, Ilya and Geoffrey E. Hinton},
    booktitle = {NIPS},
    year = {2012},
}

@inproceedings{caffe,
   title={Caffe: Convolutional architecture for fast feature embedding},
   author={Jia, Yangqing and Shelhamer, Evan and Donahue, Jeff and Karayev, Sergey and Long, Jonathan and Girshick, Ross and Guadarrama, Sergio and Darrell, Trevor},
   booktitle={ACM MM},
   year={2014}
}

@inproceedings{decaf,
   title={{DeCAF}: A deep convolutional activation feature for generic visual recognition},
   author={J. Donahue and Y. Jia and O. Vinyals and J. Hoffman and N. Zhang and E. Tzeng and T. Darrell},
   booktitle={ICML},
   year={2014}
}

@article{SVMplus_vapnik,
title = {A new learning paradigm: Learning using privileged information},
author = {Vladimir Vapnik and Akshay Vashist},
journal = {Neural Networks},
volume = {22},
number = {56},
pages = {544--557},
year = {2009}
}

@article{NiuIJCV2015,
title = {Exploiting Privileged Information from Web Data for Action and Event Recognition},
author = {Li Niu and Wen Li and Dong Xu},
journal = {IJCV},
year = {2015}
}


@article{Vapnik2015,
title = {Learning Using Privileged Information: Similarity Control and Knowledge Transfer},
author = {Vladimir Vapnik and Rauf Izmailov},
journal = {JMLR},
volume = {16},
pages = {2023âˆ’2049},
year = {2015}
}

@article{Lampert2013,
title = {Attribute-based classification for zero-shot visual object categorization},
author = {C. H. Lampert and H. Nickisch and S. Harmeling},
journal = {T-PAMI},
year = {2013}
}

@article{itmlplus,
title = {Distance Metric Learning using Privileged Information for Face Verification and Person Re-identification},
author = {Xinxing Xu and Wen Li and Dong Xu},
journal = {T-NNLS},
volume = {26},
issue = {12},
pages = {3150--3162},
month = {Dec},
year = {2015}
}

@inproceedings{LUPIThoery,
 author = {D. Pechyony and V. Vapnik},
 title = {On the Theory of Learning with Privileged Information},
 booktitle = {NIPS},
 year = {2010},
}

@article{MetricPI,
author  = {Shereen Fouad and Peter Tino and Somak Raychaudhury and Petra Schneider},
title   = {Incorporating Privileged Information Through Metric Learning},
journal = {T-NNLS},
volume  = {24},
number  = {7},
pages   = {1086--1098},
year    = {2013}
}

@article{MTLPI,
author  = {Lichen Liang and Feng Cai and Vladimir Cherkassky},
title   = {Predictive Learning with Structured (Grouped) Data},
journal = {Neural Networks},
year    = {2009},
volume  = {22},
pages   = {766--773},
}

@INPROCEEDINGS{RankTransfer,
title   = {Learning to Rank Using Privileged Information},
author  = {Viktoriia Sharmanska and Novi Quadrianto and Christoph H. Lampert},
booktitle = {ICCV},
year    = {2013}
}

@INPROCEEDINGS{Wang2015,
title   = {Classifier Learning with Hidden Information},
author  = {Ziheng Wang and Qiang Ji},
booktitle = {CVPR},
year    = {2015}
}


@INPROCEEDINGS{Li2014ECCV,
title  = {Exploiting Privileged Information from Web Data for Image Categorization},
author  = {Wen Li and Li Niu and Dong Xu},
booktitle = {ECCV},
pages   = {437--452},
year    = {2014}
}

@INPROCEEDINGS{ChenLin2014CVPR,
title   = {Recognizing {RGB} Images by Learning from {RGB-D} Data},
author  = {Lin Chen and Wen Li and Dong Xu},
booktitle = {CVPR},
pages   = {1418-1425},
year    = {2014}
}


@INPROCEEDINGS{Pechyony2010,
title   = {{SMO}-style Algorithms for Learning using Privileged Information},
author  = {D. Pechyony and R. Izmailov and A. Vashist and V. Vapnik},
booktitle = {DMIN},
year    = {2010}
}

@article{liblinear,
title = {{LIBLINEAR}: A library for large linear classification},
author = {R.-E. Fan and  K.-W. Chang and C.-J. Hsieh and X.-R. Wang and C.-J. Lin},
journal = {JMLR},
volume = {9},
pages = {1871-1874},
year = {2008}
}

@article{libsvm,
 author = {Chang, Chih-Chung and Lin, Chih-Jen},
 title = {{LIBSVM}: A library for support vector machines},
 journal = {ACM TIST},
 volume = {2},
 issue = {3},
 year = {2011},
 pages = {27:1--27:27}
}

@INPROCEEDINGS{DCD_linearsvm,
title   = {A dual coordinate descent method for large-scale linear {SVM}},
author  = {Cho-Jui Hsieh and Kai-Wei Chang and Chih-Jen Lin and S. Sathiya Keerthi and Sellamanickam Sundararajan},
booktitle = {ICML},
year    = {2008}
}

@TECHREPORT{Platt98sequentialminimal,
    author = {John C. Platt},
    title = {Sequential Minimal Optimization: A Fast Algorithm for Training Support Vector Machines},
    institution = {Advances in Kernel Methods - Support Vector Learning},
    year = {1998}
}

@article{svm_workingset,
 author = {R.-E. Fan and P.-H. Chen and C.-J. Lin.},
 title = {Working set selection using second order information for training {SVM}},
 journal = {JMLR},
 volume = {6},
 year = {2005},
 pages = {1889-1918}
}

@inproceedings{NUSWIDE,
 author = {Chua, Tat-Seng and Tang, Jinhui and Hong, Richang and Li, Haojie and Luo, Zhiping and Zheng, Yantao},
 title = {{NUS-WIDE}: a real-world web image database from {N}ational {U}niversity of {S}ingapore},
 booktitle = {CIVR},
 year = {2009}
}

@inproceedings{miSVM,
    author = {Stuart Andrews and Ioannis Tsochantaridis and Thomas Hofmann},
    title = {Support vector machines for multiple-instance learning},
    booktitle = {NIPS},
    year = {2003}
}

@inproceedings{MTMCSVMPLUS,
    author = {You Ji and Shiliang Sun and Yue Lu},
    title = {Multitask Multiclass Privileged Information Support Vector Machines},
    booktitle = {ICPR},
    year = {2012}
}

@article{lapin2014learning,
  title = {Learning Using Privileged Information: {SVM+} and Weighted {SVM}},
  author = {Maksim Lapin and Matthias Hein and Bernt Schiele},
  journal = {Neural Networks},
  volume = {53},
  pages = {95--108},
  year = {2014}
}

@inproceedings{MTLSVMPLUS,
    author = {Liang, L. and Cherkassky, V.},
    title = {Connection between {SVM+} and Multi-Task Learning},
    booktitle = {IJCNN},
    year = {2008}
}
