@article{pr:JainF91,
  author    = {Anil K. Jain and
               Farshid Farrokhnia},
  title     = {Unsupervised texture segmentation using Gabor filters},
  journal   = {Pattern Recognition},
  volume    = {24},
  number    = {12},
  year      = {1991},
  pages     = {1167-1186},
  ee        = {http://dx.doi.org/10.1016/0031-3203(91)90143-S},
  bibsource = {DBLP, http://dblp.uni-trier.de}
}

@article{pr:ClausiJ00,
  author    = {David A. Clausi and
               M. Ed Jernigan},
  title     = {Designing Gabor filters for optimal texture separability},
  journal   = {Pattern Recognition},
  volume    = {33},
  number    = {11},
  year      = {2000},
  pages     = {1835-1849},
  ee        = {http://dx.doi.org/10.1016/S0031-3203(99)00181-8},
  bibsource = {DBLP, http://dblp.uni-trier.de}
}

@article{pr:Kim09,
title = "Color–texture segmentation using unsupervised graph cuts",
journal = "Pattern Recognition",
volume = "42",
number = "5",
pages = "735 - 750",
year = "2009",
note = "",
issn = "0031-3203",
doi = "10.1016/j.patcog.2008.09.031",
url = "http://www.sciencedirect.com/science/article/pii/S0031320308004111",
author = "Jong-Sung Kim and Ki-Sang Hong"
}

@InProceedings{MoorePWMJ08,
  author = {Alastair P Moore, Simon J D Prince, Jonathan Warrell, Umar Mohammed and Graham Jones},
  title = {Superpixel {L}attices},
  journal = {IEEE Conference on Computer Vision and Pattern Recognition},
  year = {2008},
  volume = {},
  pages = {},
  url = {http://www.cs.ucl.ac.uk/staff/s.prince/Papers/SuperpixelLattices.pdf}
}

@inproceedings{Sidi:2011:siga,
 author = {Sidi, Oana and van Kaick, Oliver and Kleiman, Yanir and Zhang, Hao and Cohen-Or, Daniel},
 title = {Unsupervised co-segmentation of a set of shapes via descriptor-space spectral clustering},
 booktitle = {Proceedings of the 2011 SIGGRAPH Asia Conference},
 year = {2011},
 isbn = {978-1-4503-0807-6},
 location = {Hong Kong, China},
 pages = {126:1--126:10},
 articleno = {126},
 numpages = {10},
 url = {http://doi.acm.org/10.1145/2024156.2024160},
 doi = {10.1145/2024156.2024160},
 acmid = {2024160},
 publisher = {ACM},
 address = {New York, NY, USA},
 keywords = {co-segmentation, diffusion maps, shape correspondence, spectral clustering},
} 

@inproceedings{Vicente:CVPR06,
  author    = {Sara Vicente and
               Carsten Rother and
               Vladimir Kolmogorov},
  title     = {Object cosegmentation},
  booktitle = {IEEE Conference on Computer Vision and Pattern Recognition},
  year      = {2011},
  pages     = {2217-2224},
  ee        = {http://dx.doi.org/10.1109/IEEE Conference on Computer Vision and Pattern Recognition.2011.5995530},
  crossref  = {DBLP:conf/IEEE Conference on Computer Vision and Pattern Recognition/2011},
  bibsource = {DBLP, http://dblp.uni-trier.de}
}

@inproceedings{Vicente:European Conference on Computer Vision10,
  author    = {Sara Vicente and
               Vladimir Kolmogorov and
               Carsten Rother},
  title     = {Cosegmentation Revisited: Models and Optimization},
  booktitle = {European Conference on Computer Vision (2)},
  year      = {2010},
  pages     = {465-479},
  ee        = {http://dx.doi.org/10.1007/978-3-642-15552-9_34},
  crossref  = {DBLP:conf/European Conference on Computer Vision/2010-2},
  bibsource = {DBLP, http://dblp.uni-trier.de}
}

@inproceedings{Rother:CVPR06,
  author    = {Carsten Rother and
               Thomas P. Minka and
               Andrew Blake and
               Vladimir Kolmogorov},
  title     = {Cosegmentation of Image Pairs by Histogram Matching - Incorporating
               a Global Constraint into MRFs},
  booktitle = {IEEE Conference on Computer Vision and Pattern Recognition (1)},
  year      = {2006},
  pages     = {993-1000},
  ee        = {http://doi.ieeecomputersociety.org/10.1109/IEEE Conference on Computer Vision and Pattern Recognition.2006.91},
  crossref  = {DBLP:conf/IEEE Conference on Computer Vision and Pattern Recognition/2006},
  bibsource = {DBLP, http://dblp.uni-trier.de}
}

@inproceedings{Joulin:CVPR10,
  author    = {Armand Joulin and
               Francis R. Bach and
               Jean Ponce},
  title     = {Discriminative clustering for image co-segmentation},
  booktitle = {IEEE Conference on Computer Vision and Pattern Recognition},
  year      = {2010},
  pages     = {1943-1950},
  ee        = {http://dx.doi.org/10.1109/IEEE Conference on Computer Vision and Pattern Recognition.2010.5539868},
  crossref  = {DBLP:conf/IEEE Conference on Computer Vision and Pattern Recognition/2010},
  bibsource = {DBLP, http://dblp.uni-trier.de}
}


@inproceedings{Joulin:CVPR12,
  author    = {Armand Joulin and
               Francis Bach and
               Jean Ponce},
  title     = {Multi-class cosegmentation},
  booktitle = {IEEE Conference on Computer Vision and Pattern Recognition},
  year      = {2012},
  pages     = {542-549},
  ee        = {http://doi.ieeecomputersociety.org/10.1109/IEEE Conference on Computer Vision and Pattern Recognition.2012.6247719},
  crossref  = {DBLP:conf/IEEE Conference on Computer Vision and Pattern Recognition/2012},
  bibsource = {DBLP, http://dblp.uni-trier.de}
}

@inproceedings{he:CVPR04,
  author    = {Xuming He and
               Richard S. Zemel and
               Miguel {\'A}. Carreira-Perpi{\~n}{\'a}n},
  title     = {Multiscale Conditional Random Fields for Image Labeling},
  booktitle = {IEEE Conference on Computer Vision and Pattern Recognition (2)},
  year      = {2004},
  pages     = {695-702},
  ee        = {http://doi.ieeecomputersociety.org/10.1109/IEEE Conference on Computer Vision and Pattern Recognition.2004.173},
  bibsource = {DBLP, http://dblp.uni-trier.de}
}

@inproceedings{shotton:European Conference on Computer Vision06,
  author    = {Jamie Shotton and
               John M. Winn and
               Carsten Rother and
               Antonio Criminisi},
  title     = {{\it TextonBoost}: Joint Appearance, Shape and Context
               Modeling for Multi-class Object Recognition and Segmentation},
  booktitle = {European Conference on Computer Vision (1)},
  year      = {2006},
  pages     = {1-15},
  ee        = {http://dx.doi.org/10.1007/11744023_1},
  crossref  = {DBLP:conf/European Conference on Computer Vision/2006-1},
  bibsource = {DBLP, http://dblp.uni-trier.de}
}

@article{rother:sig04,
  author    = {Carsten Rother and
               Vladimir Kolmogorov and
               Andrew Blake},
  title     = {"GrabCut": interactive foreground extraction using iterated
               graph cuts},
  journal   = {ACM Trans. Graph.},
  volume    = {23},
  number    = {3},
  year      = {2004},
  pages     = {309-314},
  ee        = {http://doi.acm.org/10.1145/1015706.1015720},
  bibsource = {DBLP, http://dblp.uni-trier.de}
}

@article{gould:International Journal of Computer Vision10,
year={2008},
issn={0920-5691},
journal={International Journal of Computer Vision},
volume={80},
issue={3},
doi={10.1007/s11263-008-0140-x},
title={Multi-Class Segmentation with Relative Location Prior},
url={http://dx.doi.org/10.1007/s11263-008-0140-x},
publisher={Springer US},
keywords={Multi-class image segmentation; Segmentation; Relative location},
author={Gould, Stephen and Rodgers, Jim and Cohen, David and Elidan, Gal and Koller, Daphne},
pages={300-316},
language={English}
}

@inproceedings{Li:sig04,
 author = {Li, Yin and Sun, Jian and Tang, Chi-Keung and Shum, Heung-Yeung},
 title = {Lazy snapping},
 booktitle = {ACM SIGGRAPH 2004 Papers},
 series = {SIGGRAPH '04},
 year = {2004},
 location = {Los Angeles, California},
 pages = {303--308},
 numpages = {6},
 url = {http://doi.acm.org/10.1145/1186562.1015719},
 doi = {10.1145/1186562.1015719},
 acmid = {1015719},
 publisher = {ACM},
 address = {New York, NY, USA},
 keywords = {Graph Cut, Image Cutout, Interactive Image Segmentation, User Interface},
} 



@article{Barbu_SWC,
  author    = {Adrian Barbu and
               Song Chun Zhu},
  title     = {Generalizing Swendsen-Wang to Sampling Arbitrary Posterior
               Probabilities},
  journal   = {IEEE Transactions on Pattern Analysis and Machine Intelligence},
  volume    = {27},
  number    = {8},
  year      = {2005},
  pages     = {1239-1253},
}

@article{LHI_Dataset,
 author = {Benjamin Yao and Xiong Yang and Song Chun Zhu.},
 title = {Introduction to a large scale general purpose ground truth dataset: methodology, annotation tool, and benchmarks},
 journal = {EMMIEEE Conference on Computer Vision and Pattern Recognition},
 year = {2007},
 }

 @article{Wu_AB,
   author = {Wu, Yingnian and Si, Zhangzhang and Gong, Haifeng and Zhu, Song-Chun},
   title = {Learning Active Basis Model for Object Detection and Recognition},
   year = {2009},
   volume = {Epub ahead},
   journal = {International Journal of Computer Vision},
   doi = {10.1007/s11263-009-0287-0},
}

@InProceedings{Fergus_Unsupervised,
	author = "Fergus, R. and Perona, P. and Zisserman, A.",
        title = "Object Class Recognition by Unsupervised Scale-Invariant Learning",
        booktitle = IEEE Conference on Computer Vision and Pattern Recognition,
	pages = "264--271",
        volume = "2",	
        year = 2003,
}


@InProceedings{Sivic05b,
  author       = "Sivic, J. and Russell, B.~C. and Efros, A.~A. and Zisserman, A. and Freeman, W.~T.",
  title        = "Discovering objects and their location in images",
  booktitle    = "International Conference on Computer Vision",
  year         = "2005",
pages={370-377}
}

@article{Weber_DiscoverObj,
author = {M. Weber and M. Welling and P. Perona},
title = {Towards Automatic Discovery of Object Categories},
journal = {IEEE Conference on Computer Vision and Pattern Recognition},
year = {2000}
}

@inproceedings{Kim_Unsupervised,
 author = {Kim, Gunhee and Faloutsos, Christos and Hebert, Martial},
 title = {Unsupervised modeling and recognition of object categories with combination of visual contents and geometric similarity links},
 booktitle = {ACM MIR},
 year = {2008},
 pages = {419--426},
 }

 @inproceedings{Liu_TopicModel,
  author    = {David Liu and
               Tsuhan Chen},
  title     = {Unsupervised Image Categorization and Object Localization
               using Topic Models and Correspondences between Images},
  booktitle = International Conference on Computer Vision,
  year      = {2007},
  pages     = {1-7},
}

@article{Waydo_Unsupervised,
 author = {Waydo, Stephen and Koch, Christof},
 title = {Unsupervised learning of individuals and categories from images},
 journal = {Neural Comput.},
 volume = {20},
 number = {5},
 year = {2008},
 pages = {1165--1178},
 }

@article{Goldberger_UnsupervisedImgSet,
  author    = {Jacob Goldberger and
               Shiri Gordon and
               Hayit Greenspan},
  title     = {Unsupervised image-set clustering using an information theoretic
               framework},
  journal   = {IEEE Transactions on Image Processing},
  volume    = {15},
  number    = {2},
  year      = {2006},
  pages     = {449-458},
}

@inproceedings{Simon_SceneSummarization,
  author    = {Ian Simon and
               Noah Snavely and
               Steven M. Seitz},
  title     = {Scene Summarization for Online Image Collections},
  booktitle = International Conference on Computer Vision,
  year      = {2007},
  pages     = {1-8},
}

@inproceedings{Frey_AffinityPropagation,
  author    = {Delbert Dueck and Brendan J. Frey},
  title     = {Non-metric affinity propagation for unsupervised image categorization},
  booktitle = {International Conference on Computer Vision},
  year      = {2007}, pages={1-8}
}

@article{Frey_AffinityPropagationScience,
    author = "Brendan J. Frey and Delbert Dueck",
    title = "Clustering by Passing Messages Between Data Points",
    journal = "Science",
    year = "2007",
}

@article{Tuytelaars_UnsupervisedSurvey,
   author = "Tuytelaars, T and Lampert, C.~H. and Blaschko, M.~B. and Buntine, W.",
   title = "Unsupervised Object Discovery: A Comparison",
   journal = "International Journal of Computer Vision",
  volume={88},
  number={2},
  pages={284--302},
  year={2010}
}


@article{Lowe_SIFT,
 author = {Lowe, David G.},
 title = {Distinctive Image Features from Scale-Invariant Keypoints},
 journal = {International Journal of Computer Vision},
 volume = {60},
 number = {2},
 year = {2004},
 pages = {91--110},
 }

@article{Dalal_HoG,
author = {Navneet Dalal and Bill Triggs},
title = {Histograms of Oriented Gradients for Human Detection},
journal = IEEE Conference on Computer Vision and Pattern Recognition,
volume = {1},
year = {2005},
issn = {1063-6919},
pages = {886-893},
}

@inproceedings{Jianxin_PACT,
  author    = {Jianxin Wu and
               James M. Rehg},
  title     = {Where am I: Place instance and category recognition using
               spatial PACT},
  booktitle =  IEEE Conference on Computer Vision and Pattern Recognition,
  year      = {2008},
}

@inproceedings{Tang_NonnegativeMatrix,
 author = {Tang, Jiayu and Lewis, Paul H.},
 title = {Non-negative matrix factorisation for object class discovery and image auto-annotation},
 booktitle = {CIVR},
 year = {2008},
 pages = {105--112},
 }

@inproceedings{Grauman06,
 author = {Grauman, Kristen and Darrell, Trevor},
 title = {Unsupervised Learning of Categories from Sets of Partially Matching Image Features},
 booktitle =  {IEEE Conference on Computer Vision and Pattern Recognition},
 year = {2006}, 
pages={19-25}
}


@article{Feifei_OneShot,
 author = {Fei-Fei Li and Fergus Rob and Perona Pietro},
 title = {One-Shot Learning of Object Categories},
 journal = {IEEE Transactions on Pattern Analysis and Machine Intelligence},
 volume = {28},
 number = {4},
 year = {2006},
 pages = {594-611},
}
@article{Feifei06,
 author = {Fei-Fei Li and Fergus Rob and Perona Pietro},
 title = {One-Shot Learning of Object Categories},
 journal = {IEEE Transactions on Pattern Analysis and Machine Intelligence},
 volume = {28},
 number = {4},
 year = {2006},
 pages = {594-611},
}

@article{Bosch_Hybrid,
 author = {Bosch, Anna and Zisserman, Andrew and Mu\~noz, Xavier},
 title = {Scene Classification Using a Hybrid Generative/Discriminative Approach},
 journal = {IEEE Transactions on Pattern Analysis and Machine Intelligence},
 volume = {30},
 number = {4},
 year = {2008},
 pages = {712--727},
}

MISC{Vogel06internationaljournal,
    author = {Julia Vogel and Bernt Schiele},
    title = {International Journal of Computer Vision c ?? 2006 Springer Science + Business Media, LLC. Manufactured in The Netherlands. DOI: 10.1007/s11263-006-8614-1 Semantic Modeling of Natural Scenes for Content-Based Image Retrieval},
    year = {2006}
}

@INPROCEEDINGS{Rogowitz98perceptualimage,
    author = {Bernice E. Rogowitz and Thomas Frese and Johnr. Smith and Charles A. Bouman and Edward Kalin},
    title = {Perceptual image similarity experiments},
    booktitle = {SPIE Conference on Human Vision and Electronic Imaging},
    year = {1998},
    pages = {576--590}
}



@inproceedings{Wu08,
    author = {Wu, J. X.  and James, M. Rehg},
    booktitle =  IEEE Conference on Computer Vision and Pattern Recognition,
    title = {Where am I: Place instance and category recognition using spatial PACT.},
    year = {2008}
}

@inproceedings{Boiman_cvpr_2008,
    author = {Boiman, Oren and Shechtman, Eli and Irani, Michal},
    booktitle =  "IEEE Conference on Computer Vision and Pattern Recognition",
    title = {In Defense of Nearest-Neighbor Based Image Classification.},
    year = {2008}
}


@article{tiny08,
    author = {Torralba, Antonio and Fergus, Rob and Freeman, William T.},
    booktitle = {Pattern Analysis and Machine Intelligence, IEEE Transactions on},
    journal = {IEEE Transactions on Pattern Analysis and Machine Intelligence},
    pages = {1958--1970},
    title = {80 Million Tiny Images: A Large Data Set for Nonparametric Object and Scene Recognition},
    volume = {30},
    year = {2008}
}

@article{sparseface08,
    author = {Wright, J. and Yang, A. Y. and Ganesh, A. and Sastry, S. S. and Ma, Yi},
    booktitle = {Pattern Analysis and Machine Intelligence, IEEE Transactions on},
    journal = {IEEE Transactions on Pattern Analysis and Machine Intelligence},
    month = {April},
    pages = {210--227},
    title = {Robust Face Recognition via Sparse Representation},
    volume = {31},
    year = {2008}
}

@inproceedings{yang:CVPR09,
    author = {Jianchao Yang, Kai Yu, Yihong Gong, Thomas Huang.},
    booktitle =  "IEEE Conference on Computer Vision and Pattern Recognition",
    title = {Linear Spatial Pyramid Matching Using Sparse Coding for Image Classification.},
    year = {2009}
}


@inproceedings{xiaobai09,
  author = {Xiaobai Liu and Bin Cheng and Shuicheng Yan and Jinhui Tang and Tat-Seng Chua and Hai Jin},
  booktitle = {ACM Multimedia},
  title = {Label to region by bi-layer sparsity priors.},
  year = {2009},
}

@inproceedings{SIS09,
    author = {Cheng, H. and Liu, Z.  and Yang, J.},
    booktitle = International Conference on Computer Vision,
		title = {Kernel Codebooks for Scene Categorization},
    title = {Sparsity Induced Similarity Measure for Label Propagation.},
    year = {2009}
}

@inproceedings{Yanshuichen09,
    author = {Changhu Wang, Shuicheng Yan, Lei Zhang, Hong-Jiang Zhang},
    booktitle = IEEE Conference on Computer Vision and Pattern Recognition,
    title = {Multi-Label Sparse Coding for Automatic Image Annotation.},
    year = {2009}
}

@inproceedings{FeiFei05,
    author = {L. Fei-Fei and P. Perona},
    booktitle = IEEE Conference on Computer Vision and Pattern Recognition,
    title = {A bayesian hierarchical model for learning natural scene categories.},
    year = {2005}
}


@article{human97,
    author = {Olshausen, Bruno A. and Field, David J.},
    journal = {Vision Research},
    month = {December},
    number = {23},
    pages = {3311--3325},
    title = {Sparse coding with an overcomplete basis set: A strategy employed by V1?.},
    volume = {37},
    year = {1997}
}

@ARTICLE{l104,
    author = {David L. Donoho},
    title = {For Most Large Underdetermined Systems of Linear Equations the Minimal $\ell$1-norm Solution is also the Sparsest Solution},
    journal = {Comm. Pure Appl. Math},
    year = {2004},
    volume = {59},
    pages = {797--829}
}

@article{gist,
    author = {Oliva, Aude and Torralba, Antonio},
    journal = {International Journal of Computer Vision},
    title = {Modeling the Shape of the Scene: A Holistic Representation of the Spatial Envelope},
    volume = {42},
 pages = {145--175},
 number = {3},
year = {2001}
}

@INPROCEEDINGS{lazebnik:CVPR06,
    AUTHOR = {Lazebnik, S. and Schmid, C. and Ponce, J.},
    TITLE = {Beyond Bags of Features: Spatial Pyramid Matching for Recognizing Natural Scene Categories},
    BOOKTITLE =  {IEEE Conference on Computer Vision and Pattern Recognition},
    YEAR = {2006},
}

@INPROCEEDINGS{event-8,
  AUTHOR =       "Li, L.-J. and Fei-Fei, L.",
  TITLE =        "What, where and who? Classifying event by scene and object recognition.",
  BOOKTITLE =    "International Conference on Computer Vision",
  YEAR =         "2007", 
 pages = {1-8}
}

@InProceedings{SVM-KNN,
  title= "Svm-knn: Discriminative nearest neighbor classification for visual category recognition",
  author="H. Zhan and A. Berg and M. Maire and J. Malik",
  booktitle=  "IEEE Conference on Computer Vision and Pattern Recognition",
  year="2006"
}


@article{sift,
    author = {Lowe, David G.},
    booktitle = {International Journal of Computer Vision},
    journal = {International Journal of Computer Vision},
    month = {Nov.,},
    number = {2},
    pages = {91--110},
    title = {Distinctive Image Features from Scale-Invariant Keypoints},
    volume = {60},
    year = {2004}
}

@InProceedings{ZZSi_UID,
	author = "Zhangzhang Si and Haifeng Gong and Ying Nian Wu and Song-Chun Zhu",
        title = "Learning mixed image templates for object recognition",
        booktitle =  IEEE Conference on Computer Vision and Pattern Recognition,
        year = 2009,
}

}

@inproceedings{LiSuLimFeiFei,
author = {Li-Jia Li, Hao Su, Yongwhan Lim and Li Fei-Fei},
title = {Objects as Attributes for Scene Classification},
booktitle = {European Conference on Computer Vision, International Workshop on Parts and Attributes},
year = {2010}
}


@InProceedings{LiSocherFeiFei2009,
  title= "Towards Total Scene Understanding:Classification, Annotation and Segmentation in an Automatic Framework",
  author="Li, L-J. and Socher, R. and Fei-Fei, L.",
  booktitle=  IEEE Conference on Computer Vision and Pattern Recognition,
  year={2009}
}

@InProceedings{feifei-IEEE Conference on Computer Vision and Pattern Recognition05,
  title={A Bayesian Hierarchical Model for Learning Natural Scene Categories},
  author={Li. Fei-Fei and P. Perona},
  booktitle= IEEE Conference on Computer Vision and Pattern Recognition,
  year={2005}
}

@InProceedings{Context-based-object-recognition,
  title= "Context-based vision system for place and object recognition",
  author="Torralba, A. and Murphy, K.P. and  Freeman, W.T. and   Rubin, M.A.",
  booktitle= International Conference on Computer Vision,
  year={2003}
}

@InProceedings{Dense-interest-point,
  title= "Dense Interest Points",
  author="Tinne Tuytelaars",
  booktitle=  IEEE Conference on Computer Vision and Pattern Recognition,
  year={2010}
}
@InProceedings{SUN,
  title= "SUN Database Large-scale Scene Recognition from Abbey to Zoo",
  author="Jianxiong Xiao and James Hays and Krista A. Ehinger and  Aude Oliva and Antonio Torralba",
  booktitle=  IEEE Conference on Computer Vision and Pattern Recognition,
  year={2010}
}



@InProceedings{TSC,
  title= "Three-layer Spatial Sparse Coding for Image Classification",
  author="Dengxin Dai and Wen Yang and Tianfu Wu",
  booktitle= "ICPR",
  year={2010}
}

@article{dai:TSC:11,
  author    = {Dengxin Dai and
               Wen Yang },
  title     = {Satellite Image Classification via Two-Layer Sparse Coding With Biased Image Representation},
  journal   = {IEEE Geosci. Remote Sensing Lett.},
year={2011},
volume={8},
number={1},
pages={173-176}
}

@InProceedings{Indoor,
  title= "Recognizing Indoor Scenes",
  author="Ariadna Quattoni and Antonio Torralba",
  booktitle=  "IEEE Conference on Computer Vision and Pattern Recognition",
  year={2009}, 
 pages={413-420}
}

@InProceedings{Linear-Sparse-Coding,
  title= "Linear Spatial Pyramid Matching Using Sparse Coding for Image Classification",
  author="Jianchao Yang, Kai Yu, Yihong Gong, and Thomas Huang",
  booktitle=  "IEEE Conference on Computer Vision and Pattern Recognition",
  year={2009}
}

@InProceedings{Samping-Bag-of-words,
  title= "Sampling Strategies for Bag-of-Features Image Classification",
  author="Eric Nowak, and Fr\'ed\'eric Jurie1, and Bill Triggs",
  booktitle= "European Conference on Computer Vision",
  year={2006}
}

@InProceedings{Kernel-codebooks,
  title= "Kernel Codebooks for Scene Categorization",
  author="Jan C. van Gemert, Jan-Mark Geusebroek, Cor J. Veenman, and Arnold W.M. Smeulders",
  booktitle= "European Conference on Computer Vision",
  year={2008}
}

@incollection{can-help,
   author = "Santosh Kumar Divvala and Alexei A. Efros and Martial Hebert",
   title = "Can Similar Scenes help Surface Layout Estimation?",
   booktitle = "IEEE Conference on Computer Vision and Pattern Recognition Workshop on Internet Vision",
   month = "June",
   year = "2008",
}

@inproceedings{VISU09_0020,
 author = "Bangpeng Yao, Juan~Carlos Niebles and Li Fei-Fei",
 title = "Mining Discriminative Adjectives and Prepositions for Natural Scene Recognition",
 booktitle = "International Workshop on Visual Scene Understanding (ViSU)",
 year = "2009",
 month = "June",
 address = "Miami, USA"
}

@article{stage-model,
    author = {Nedovi\`c, V. and Smeulders, A.W.M. and Redert, A. and Geusebroek, J.-M.;},
    journal = {IEEE Transactions on Pattern Analysis and Machine Intelligence},
    number = {9},
    pages = {1673-1687},
    title = {Stages as Models of Scene Geometry},
    volume = {32},
    year = {2010 }
}

@article{Semantic-modeling,
    author = {Julia Vogel1, and Bernt Schiele},
    journal = {International Journal of Computer Vision},
    number = {2},
    pages = {133-157},
    title = {Semantic Modeling of Natural Scenes for Content-Based Image Retrieval},
    volume = {72},
    year = {2007 }
}


@inproceedings{Configuration1997,
 author = "P. Lipson, and E. Grimson, and P. Sinha",
 title = "Configuration Based Scene Classification and Image Indexing",
 booktitle =  IEEE Conference on Computer Vision and Pattern Recognition,
 year = "1997"
}
@inproceedings{Roles2010,
 author = "Devi Parikh, and C. Lawrence Zitnick",
 title = "The Role of Features, Algorithms and Data in Visual Recognition",
 booktitle =  IEEE Conference on Computer Vision and Pattern Recognition,
 year = "2010"
}

@inproceedings{texton-forests,
 author = "Shotton, J.; Johnson, M.;  Cipolla, R.; R&D Center, Toshiba Corp., Kawasaki",
 title = "Semantic texton forests for image categorization and segmentation",
 booktitle =  IEEE Conference on Computer Vision and Pattern Recognition,
 year = "2008"
}


@ARTICLE{local-survey,
    author = {Tinne Tuytelaars and Krystian Mikolajczyk},
    title = {Local invariant feature detectors: A survey},
    journal = {FnT Comp. Graphics and Vision},
    year = {2008},
    pages = {177--280}
}


@inproceedings{Scene-prior-segmentation,
 author = "Alastair P. Moore and  Simon J. D. Prince and Jonathan Warrell and Umar Mohammed",
 title = "Scene Shape Priors for Superpixel Segmentation",
 booktitle = International Conference on Computer Vision,
 year = "2009"
}


@INPROCEEDINGS{in-outdoorimage,
    author = {Martin Szummer and Rosalind W. Picard},
    title = {Indoor-Outdoor Image Classification},
    booktitle = International Conference on Computer Vision,
    year = {1998}
}


@INPROCEEDINGS{SClustering_limitation_Advances in Neural Information Processing Systems07,
    author = {Boaz Nadler and Meirav Galun},
    title = {Fundamental Limitations of Spectral Clustering},
    booktitle = {Advances in Neural Information Processing Systems},
    year = {2007}
}


@INPROCEEDINGS{dai,
AUTHOR = "Dengxin Dai and Tianfu Wu and Song Chun Zhu",
TITLE = "Discovering scene categories by information projection and cluster sampling",
booktitle =  {IEEE Conference on Computer Vision and Pattern Recognition},
YEAR = {2010}, pages={483-496}  }

@article{clustering_review,
    address = {New York, NY, USA},
    author = {Jain, A. K. and Murty, M. N. and Flynn, P. J.},
    citeulike-article-id = {83751},
    citeulike-linkout-0 = {http://portal.acm.org/citation.cfm?id=331504},
    citeulike-linkout-1 = {http://dx.doi.org/10.1145/331499.331504},
    doi = {10.1145/331499.331504},
    issn = {0360-0300},
    journal = {ACM Comput. Surv.},
    keywords = {clustering, data},
    month = sep,
    number = {3},
    pages = {264--323},
    posted-at = {2006-05-01 08:12:03},
    priority = {0},
    publisher = {ACM},
    title = {{Data clustering: a review}},
    url = {http://dx.doi.org/10.1145/331499.331504},
    volume = {31},
    year = {1999}
}

@INPROCEEDINGS{ Sun_2010,
AUTHOR = "Xiao, J and Hays, J and Ehinger, K A and Oliva, A and Torralba, A",
TITLE = "SUN database: Large-scale scene recognition from abbey to zoo.",
booktitle =  {IEEE Conference on Computer Vision and Pattern Recognition},
YEAR = {2010}, 
pages={3485-3492} 
}




@techreport{Caltech-256,
Author = {G. Griffin and A. Holub and P. Perona},
Title = {Caltech-256 Object Category Dataset},
Institution = {California Institute of Technology},
    Year = {2007},
    URL = {http://authors.library.caltech.edu/7694},
    Number = {7694}
}


@article{spectral-clustering-reveiw, title={A survey of kernel and spectral methods for clustering}, 
volume={41}, url={http://dx.doi.org/10.1016/j.patcog.2007.05.018}, number={1}, journal={Pattern Recognition}, 
publisher={Elsevier}, author={Filippone, M and Camastra, F and Masulli, F and Rovetta, S}, year={2008}, pages={176--190}}

@INPROCEEDINGS{selftuning:04, 
title={Self-Tuning Spectral Clustering},
booktitle = {Advances in Neural Information Processing Systems},
author = {Zelnik-Manor, Lihi and Perona, Pietro}, 
year = {2004},   pages={1601--1608}
}

@article{Malik_2000, title={Normalized cuts and image segmentation}, 
journal={IEEE  Transactions on Pattern Analysis and Machine Intelligence}, author={Jianbo Shi and Jitendra Malik}, year={2000}}

@article{bagging_1996, 
title={Bagging predictors}, 
journal={ML}, 
author={Breiman, Leo},
year={1996}}


@INPROCEEDINGS{Gomes:Advances in Neural Information Processing Systems10, 
	title={Discriminative Clustering by Regularized Information Maximization}, 
	booktitle={Advances in Neural Information Processing Systems}, 
	author={Gomes, Ryan and Krause, Andreas and Perona, Pietro}, 
	year={2010}
}

@article{boosting_overview_2003, title={The Boosting Approach to Machine Learning An Overview}, 
 journal={MSRI Workshop on Nonlinear Estimation and Classification}, publisher={Springer}, 
author={Schapire, Robert E}, year={2003}, pages={1--23}}

@article{randomforest, title={Random forest}, volume={45},
number={1}, journal={ML}, author={Breiman, Leo}, year={2001}, pages={5--32}}

@article{Weber_Welling_Perona_2000, title={Towards Automatic Discovery of Object Categories}, 
volume={2}, url={http://ieeexplore.ieee.org/xpls/abs_all.jsp?arnumber=854754}, number={1063}, 
journal={Electrical Engineering}, publisher={IEEE Comput. Soc}, author={Weber, M and Welling, M and Perona, P}, 
year={2000}, 
pages={101--108}}


@article{Todorovic_Ahuja_2008, 
	title={Unsupervised category modeling, recognition, and segmentation in images.}, 
	volume={30}, url={http://www.ncbi.nlm.nih.gov/pubmed/18988949}, number={12}, 
	journal={IEEE Transactions on Pattern Analysis and Machine Intelligence}, 
	publisher={Published by the IEEE Computer Society}, 
	author={Todorovic, Sinisa and Ahuja, Narendra}, year={2008}, pages={2158--2174}}

@article{Sudderth_Torralba_Freeman_Willsky_2007, 
title={Describing Visual Scenes Using Transformed Objects and Parts}, 
volume={77}, url={http://www.springerlink.com/index/10.1007/s11263-007-0069-5}, number={1-3}, 
journal={International Journal of Computer Vision}, publisher={Kluwer Academic Publishers}, 
author={Sudderth, Erik B and Torralba, Antonio and Freeman, William T and Willsky, Alan S}, 
year={2007}, pages={291--330}}

@article{Goldberger_Gordon_Greenspan_2006, 
title={Unsupervised image-set clustering using an information theoretic framework.}, 
volume={15}, url={http://www.ncbi.nlm.nih.gov/pubmed/16479815}, number={2}, 
journal={IEEE Transactions on Image Processing}, 
author={Goldberger, Jacob and Gordon, Shiri and Greenspan, Hayit}, 
year={2006}, pages={449--458}}

@article{Waydo_Koch_2008, 
title={Unsupervised learning of individuals and categories from images.}, 
volume={20}, url={http://www.ncbi.nlm.nih.gov/pubmed/18194101}, number={5}, 
journal={Neural Computation}, publisher={MIT Press}, 
author={Waydo, Stephen and Koch, Christof}, year={2008}, 
pages={1165--1178}}

@article{liblinear, 
 author = {Fan, Rong-En and Chang, Kai-Wei and Hsieh, Cho-Jui and Wang, Xiang-Rui and Lin, Chih-Jen},
 title = {LIBLINEAR: A Library for Large Linear Classification},
 journal = {J. Mach. Learn. Res.},
 volume = {9},
 pages = {1871--1874},
 year = {2008}
}
@article{libsvm,
 author = {Chang, Chih-Chung and Lin, Chih-Jen},
 title = {{LIBSVM}: A library for support vector machines},
 journal = {ACM Transactions on Intelligent Systems and Technology},
 volume = {2},
 issue = {3},
 year = {2011},
 pages = {1--27}
}



@inproceedings{Hog, 
title={Histograms of Oriented Gradients for Human Detection}, volume={1}, url={http://eprints.pascal-network.org/archive/00000802/}, number={3}, 
booktitle = IEEE Conference on Computer Vision and Pattern Recognition,
publisher={Ieee}, author={Dalal, Navneet and Triggs, William}, 
year={2004}, pages={886--893}}


@InProceedings{Russell06,
  author       = "Russell, B.~C. and Efros, A.~A. and Sivic, J. and Freeman, W.~T. and Zisserman, A.",
  title        = "Using Multiple Segmentations to Discover Objects and Their Extent in Image Collections",
  booktitle    = IEEE Conference on Computer Vision and Pattern Recognition,
  year         = "2006"
}

@article{Liu_Chen_2007, title={A Topic-Motion Model for Unsupervised Video Object Discovery},
 url={http://ieeexplore.ieee.org/lpdocs/epic03/wrapper.htm?arnumber=4270245}, 
journal={2007 IEEE Conference on Computer Vision and Pattern Recognition}, 
publisher={Ieee}, 
author={Liu, David and Chen, Tsuhan}, 
year={2007}, pages={1--8}}


@inproceedings{Kim_2008_6030,
   author = "Gunhee Kim and Christos Faloutsos and Martial Hebert",
   title = "Unsupervised Modeling of Object Categories Using Link Analysis Techniques",
   booktitle = IEEE Conference on Computer Vision and Pattern Recognition,
   year = "2008"
}

@article{Frey_Dueck_2007, title={Clustering by passing messages between data points.},
 volume={315},  number={5814},
 journal={Science}, 
author={Frey, Brendan J and Dueck, Delbert},
 year={2007}, pages={972--976}}

@article{Wang_Grimson_2008, title={Spatial Latent Dirichlet Allocation}, 
volume={20}, url={http://people.csail.mit.edu/xgwang/papers/STLDA.pdf}, 
journal={Advances in Neural Information Processing Systems Advances in Neural Information Processing Systems}, publisher={Citeseer}, 
author={Wang, Xiaogang and Grimson, Eric}, 
year={2008}, pages={1--8}}


@InProceedings{FeiFei2004,
  author =       "Fei-Fei, L. and Fergus, R. and Perona, P.",
  title =        "Learning generative visual models from few training examples: an incremental {B}ayesian approach tested on 101 object categories.",
  booktitle =    {IEEE Conference on Computer Vision and Pattern Recognition, WS},
  year =         {2004},
}



@INPROCEEDINGS{On-SClustering,
  AUTHOR =       "Ng, Andrew Y. and Jordan, Michael I. and Weiss, Yair",
  TITLE =        "On spectral clustering: Analysis and an algorithm",
  BOOKTITLE =    "Advances in Neural Information Processing Systems",
  YEAR =         "2001",
}

@INPROCEEDINGS{Xu05unsupervisedand,
    author = {L. Xu and D. Schuurmans},
    title = {Unsupervised and semi-supervised multi-class support vector machines},
    booktitle = {AAAI},
    year = {2005}
}

@article{Bagged_Clustering,
    author = {Friedrich Leisch},
    title = {Bagged Clustering},
    journal = {Working Paper Series},
    year = {1999}
}

@article{Bagging_Clustering_2003, title={Bagging to improve the accuracy of a clustering procedure}, volume={19}, 
url={http://www.bioinformatics.oupjournals.org/cgi/doi/10.1093/bioinformatics/btg038}, number={9}, journal={Bioinformatics}, 
publisher={Oxford Univ Press}, author={Dudoit, Sandrine and Fridlyand, Jane}, year={2003}, pages={1090--1099}}
@article{Cluster_ensembles, title={Cluster ensembles---a knowledge reuse framework for combining multiple partitions},
 journal={JMLR}, author={Strehl, A and Ghosh, J}, year={2003}}

@inproceedings{Amir_boosting,
   author = "A. Saffari and H. Bischof",
   title = "Clustering in a Boosting Framework",
   booktitle = "Proc. of Computer Vision Winter Workshop",
   year = "2007"
}

@article{boosting_review,
  author = {Friedman, J. and Hastie, T. and Tibshirani, R.},
  journal = {The Annals of Statistics},
  title = {{Additive Logistic Regression: a Statistical View of Boosting}},
  year = {2000}
}


@inproceedings{Bosch:iccv07,
author = {Anna Bosch and Andrew Zisserman and Xavier Muñoz},
title={Image classification using random forests and ferns}, 
 booktitle = "International Conference on Computer Vision",
   year = "2007", pages={1-8}
}

@INPROCEEDINGS{Krogh95neuralnetwork,
    author = {Anders Krogh and Jesper Vedelsby},
    title = {Neural Network Ensembles, Cross Validation, and Active Learning},
    booktitle = {Advances in Neural Information Processing Systems},
    year = {1995}
}

@ARTICLE{Ojala02,
    author = {Ojala, Timo and Pietik\"{a}inen, Matti and M\"{a}enp\"{a}\"{a}, Topi},
    title = {Multiresolution gray-scale and rotation invariant texture classification with local binary patterns},
   pages = {971--987},
 volume = {24},
 number = {7},
 journal = {IEEE  Transactions on Pattern Analysis and Machine Intelligence},
    year = {2002}
}


@INPROCEEDINGS{Curriculum_learning, 
author = {Bengio, Yoshua and Louradour, J\'{e}r\^{o}me and Collobert, Ronan
	and Weston, Jason},
	title={Curriculum learning}, 
	booktitle={International Conference on Machine Learning},author={Bengio, Y. and Louradour, J. and Collobert, R. and Weston, J.},
  year={2009}
}

@INPROCEEDINGS{Bengio09, 
	title={Curriculum learning}, 
	booktitle=International Conference on Machine Learning,
	author={Bengio, Y. and Louradour, J. and Collobert, R. and Weston, J.},
  year={2009}
}

@InProceedings{Sivic08,
  author       = "Sivic, J. and Russell, B.~C. and Zisserman, A. and Freeman, W.~T. and Efros, A.~A.",
  title        = "Unsupervised Discovery of Visual Object Class Hierarchies",
  booktitle    = "IEEE Conference on Computer Vision and Pattern Recognition",
  year         = "2008", pages={1-8}
}



@inproceedings{Liu07,
  author    = {David Liu and
               Tsuhan Chen},
  title     = {Unsupervised Image Categorization and Object Localization
               using Topic Models and Correspondences between Images},
  booktitle = International Conference on Computer Vision,
  year      = {2007},
  pages     = {1-7},
}
@Article{Prest11,
  author = {A. Prest and C. Schmid and and V. Ferrari},
  title = {Weakly supervised learning of interactions between humans and objects},
  journal = IEEE Transactions on Pattern Analysis and Machine Intelligence,
  year = {2011},
  month = {July},
  pages = {},
  volume = {},
  number = {},
  keywords = {Action Recognition, Weakly Supervised Learning, Object Detection},
  note = {in press}
}

@InProceedings{Alexe10,
  author = {B. Alexe and T. Deselaers and V. Ferrari},
  title = {ClassCut for Unsupervised Class Segmentation},
  booktitle = European Conference on Computer Vision,
  year = {2010},
  month = {September},
  keywords = {}
}
 
@InProceedings{Fergus03,
	author = "Fergus, R. and Perona, P. and Zisserman, A.",
        title = "Object Class Recognition by Unsupervised Scale-Invariant Learning",
        booktitle = "IEEE Conference on Computer Vision and Pattern Recognition",
        year = {2003}, pages={264-271}
}
@ARTICLE{Ahuja07,
  author = {N. Ahuja and S. Todorovic},
  title = {Learning the Taxonomy and Models of Categories Present in Arbitrary
	Images},
  journal = International Conference on Computer Vision,
  year = {2007},
  volume = {0},
  pages = {1-8},
  address = {Los Alamitos, CA, USA},
  doi = {http://doi.ieeecomputersociety.org/10.1109/International Conference on Computer Vision.2007.4409039},
  isbn = {978-1-4244-1630-1},
  publisher = {IEEE Computer Society}
}

@INPROCEEDINGS{Schweighofer04a,
  AUTHOR = {G. Schweighofer and A. Opelt and A. Pinz},
  BOOKTITLE = {Proc. Int. Workshop on Learning for Adaptable Visual
                  Systems LAVS'04},
  TITLE = {Improved object categorization by unsupervised
                  object localization},
  EMAIL = {mailto:publications@emt.tugraz.at?subject=Paper
                  request schweighofer2004a},
  MONTH = {August},
  YEAR = {2004}
}

@INPROCEEDINGS{Harel01onclustering,
    author = {David Harel and Yehuda Koren},
    title = {On Clustering Using Random Walks},
    booktitle = {Foundations of Software Technology and Theoretical Computer Science 2245},
    year = {2001}
}

@inproceedings{deselaers10European Conference on Computer Vision,
 author = "Deselaers, T. and Alexe, B. and Ferrari, V.",
 title  = "Localizing Objects while Learning Their Appearance",
 booktitle = European Conference on Computer Vision,
 year = 2010
}

@InProceedings{blaschko10Advances in Neural Information Processing Systems,
  author       = {Blaschko, Matthew B. and Vedaldi, Andrea and
                  Zisserman, Andrew},
  title        = {Simultaneous Object Detection and Ranking with Weak
                  Supervision},
  booktitle    = Advances in Neural Information Processing Systems,
  year         = 2010,
}

@InProceedings{Lee11IEEE Conference on Computer Vision and Pattern Recognition,
  author       = {Y. J. Lee and K. Grauman},
  title        = {Learning the Easy Things First: Self-Paced Visual Category Discovery},
  booktitle    = {IEEE Conference on Computer Vision and Pattern Recognition},
  year         = 2011,
}
@book{Bishop06,
 author = {Bishop, Christopher M.},
 title = {Pattern Recognition and Machine Learning (Information Science and Statistics)},
 year = {2006},
 isbn = {0387310738},
 publisher = {Springer-Verlag New York, Inc.},
 address = {Secaucus, NJ, USA},
} 


@INPROCEEDINGS{dietterich_00,
   author = {Thomas G. Dietterich},
   title = {Ensemble Methods in Machine Learning},
   booktitle = {international workshop on multiple classifier systems},
   year = {2000}
}


@book{zhou:ensemble,
 author = {Zhou, Zhi-Hua},
 title = {Ensemble Methods: Foundations and Algorithms},
 year = {2012}
}


@inproceedings{objectbank:European Conference on Computer Vision10,
author = {Li-Jia Li, Hao Su, Yongwhan Lim and Li Fei-Fei},
title = {Objects as Attributes for Scene Classification},
booktitle = {European Conference of Computer Vision (European Conference on Computer Vision), International Workshop on Parts and Attributes},
year = {2010},
month = {September},
address = {Crete, Greece}
}

@inproceedings{Singh:European Conference on Computer Vision12,
  author = {Saurabh Singh and Abhinav Gupta and Alexei A. Efros},
  title = {Unsupervised Discovery of Mid-level Discriminative Patches},
  booktitle={European Conference on Computer Vision},
  year = {2012},
  eprint= {1205.3137},
  archivePrefix = {arXiv},
  primaryClass = {cs.CV},
  url = {http://arxiv.org/abs/1205.3137},
}

@InProceedings{dai:eccv12b,
  author = {D. Dai and M. Prasad and C. Leistner and L. {Van Gool}},
  title = {Ensemble Partitioning for Unsupervised Image Categorization},
  booktitle = {European Conference on Computer Vision},
  year = {2012}, pages={483-496}
}

@InProceedings{dai:iccv13b,
  author = {Dengxin Dai and Luc {Van Gool}},
  title = {Ensemble Projection for Semi-supervised Image Classification},
  booktitle = {International Conference on Computer Vision},
  year = {2013}, pages={2072-2079}
}



@inproceedings{fakton:eccv12,
  author    = {Alon Faktor and
               Michal Irani},
  title     = {"Clustering by Composition" - Unsupervised Discovery of
               Image Categories},
  booktitle = {European Conference on Computer Vision},
  year      = {2012}, pages={474-487}
}

@INPROCEEDINGS{xu:Advances in Neural Information Processing Systems05,
    author = {Linli Xu and James Neufeld and Bryce Larson and Dale Schuurmans},
    title = {Maximum margin clustering},
    booktitle = {Advances in Neural Information Processing Systems},
    year = {2005}
}

@incollection{Gomes:Advances in Neural Information Processing Systems11,
 title ={Crowdclustering},
 author={Ryan G. Gomes and Peter Welinder and Andreas Krause and Pietro Perona},
 booktitle = {Advances in Neural Information Processing Systems 24},
 editor = {J. Shawe-Taylor and R.S. Zemel and P. Bartlett and F.C.N. Pereira and K.Q. Weinberger},
 pages = {558--566},
 year = {2011}
}

@ARTICLE{parallel:sc,
author={Wen-Yen Chen and Yangqiu Song and Hongjie Bai and Chih-Jen Lin and Chang, E.Y.},
journal={Pattern Analysis and Machine Intelligence, IEEE Transactions on},
title={Parallel Spectral Clustering in Distributed Systems},
year={2011},
volume={33},
number={3},
pages={568-586},
}

@misc{vlfeat,
 Author = {A. Vedaldi and B. Fulkerson},
 Title = {{VLFeat}: An Open and Portable Library
          of Computer Vision Algorithms},
 Year  = {2008},
 Howpublished = {\url{http://www.vlfeat.org/}},
}


@article{Jain:prl10,
 author = {Jain, Anil K.},
 title = {Data clustering: 50 years beyond K-means},
 journal = {Pattern Recogn. Lett.},
 issue_date = {June, 2010},
 volume = {31},
 number = {8},
 month = jun,
 year = {2010},
 issn = {0167-8655},
 pages = {651--666},
 numpages = {16},
 url = {http://dx.doi.org/10.1016/j.patrec.2009.09.011},
 doi = {10.1016/j.patrec.2009.09.011},
 acmid = {1755654},
 publisher = {Elsevier Science Inc.},
 address = {New York, NY, USA},
 keywords = {Data clustering, Historical developments, King-Sun Fu prize, Perspectives on clustering, User's dilemma},
} 





%texture 

@article{Park:2006:DSI,
    title = "Discrete Sibson interpolation",
    author = "S. W. Park and L. Linsen and O. Kreylos and J. D. Owens and B. Hamann",
    journal = "IEEE Transactions on Visualization and Computer Graphics",
    volume = "12",
    number = "2",
    month = mar # "\slash " # apr, 
    year = "2006",
    pages = "243--253",
  }

@article{Pellacini:2005:LAH,
  author = "Fabio Pellacini and Kiril Vidim{\v{c}}e and Aaron Lefohn
      and Alex Mohr and Mark Leone and John Warren",
  title = "Lpics: a Hybrid Hardware-Accelerated Relighting
    Engine for Computer Cinematography",
  year = "2005",
  month = aug,
  journal = "ACM Transactions on Graphics",
  volume = "24",
  number = "3",
  pages = "464--470",
}

@misc{notes2002,
  author = {H. Landis},
  title = {Global Illumination in Production},
  howpublished = {ACM SIGGRAPH 2002 Course \#16 Notes},
  month = {July},
  year = {2002}
}

@inproceedings{Jobs95,
  author    = {Daniel J Jobson and {Zia-ur} Rahman and Glenn A Woodell},
  title     = {Retinex image processing: Improved fidelity to direct visual
observation},
  booktitle = {Proceedings of the IS\&T Fourth Color Imaging Conference: Color
Science, Systems, and Applications},
  organization = {The Society for Imaging Science and Technology},
  pages     = {124--125},
  year      = {1995},
  volume    = {4}
}

@inproceedings{fedkiw:2001:VSO,
  author = "Ronald Fedkiw and Jos Stam and Henrik Wann Jensen",
  title = "Visual Simulation of Smoke",
  editor = "Eugene Fiume",
  booktitle = "Proceedings of SIGGRAPH 2001",
  publisher = "ACM Press / ACM SIGGRAPH",
  pages = "15--22",
  year = 2001,
  organization = "ACM",
  series = "Computer Graphics Proceedings, Annual Conference Series"
}

@inproceedings{levoy:2000:TDM,
  author = "Marc Levoy and Kari Pulli and Brian Curless and Szymon Rusinkiewicz and David Koller and Lucas Pereira and Matt Ginzton and Sean Anderson and James Davis and Jeremy Ginsberg and Jonathan Shade and Duane Fulk",
  title = "The Digital Michelangelo Project",
  editor = "Kurt Akeley",
  booktitle = "Proceedings of SIGGRAPH 2000",
  publisher = "ACM Press / ACM SIGGRAPH",
  pages = "131--144",
  year = 2000,
  address = "New York",
  organization = "ACM"
}

@article{sako:2001:SSB,
  author = "Yusaku Sako and Kikuo Fujimura",
  title = "Shape Similarity by Homotropic Deformation",
  journal = "The Visual Computer",
  volume = 16,
  number = 1,
  pages = "47--61",
  publisher = "Springer-Verlag",
  year = 2000,
}

@book{parke:1996:CFA,
  author = "Frederic I. Parke and Keith Waters",
  title = "Computer Facial Animation",
  year = 1996,
  publisher = "A. K. Peters",
}

@mastersthesis{yee:2000:SSA,
  author = "Yang Li Hector Yee",
  title = "Spatiotemporal sensistivity and visual attention for efficient rendering of dynamic environments",
  school = "Cornell University",
  year = 2000,
}

@phdthesis{kartch:2000:ERA,
  author = "Daniel Kartch",
  title = "Efficient Rendering and Compression for Full-Parallax Computer-Generated Holographic Stereograms",
  school = "Cornell University",
  year = 2000,
}

@inproceedings{Lefebvre:2005:sig,
 author = {Lefebvre, Sylvain and Hoppe, Hugues},
 title = {Parallel controllable texture synthesis},
 booktitle = {SIGGRAPH},
 year = {2005}
}


@InProceedings{WLKT09,
  author       = "Wei, Li-Yi and Lefebvre, Sylvain and Kwatra, Vivek and Turk, Greg",
  title        = "State of the Art in Example-based Texture Synthesis",
  booktitle    = "Eurographics",
  year         = "2009"
}

@inproceedings{Efros:1999,
 author = {Efros, Alexei A. and Leung, Thomas K.},
 title = {Texture Synthesis by Non-Parametric Sampling},
 booktitle = {International Conference on Computer Vision},
 year = {1999}
}


@inproceedings{Kwatra:2003,
 author = {Kwatra, Vivek and Sch\"{o}dl, Arno and Essa, Irfan and Turk, Greg and Bobick, Aaron},
 title = {Graphcut textures: image and video synthesis using graph cuts},
 booktitle = {SIGGRAPH},
 year = {2003}
}


@inproceedings{Ashikhmin:2001,
 author = {Ashikhmin, Michael},
 title = {Synthesizing natural textures},
 booktitle = {I3D},
 year = {2001}
}


@inproceedings{Hautamaki:2004,
 author = {Hautamaki, Ville and Karkkainen, Ismo and Franti, Pasi},
 title = {Outlier Detection Using k-Nearest Neighbour Graph},
 booktitle = {Proceedings of the Pattern Recognition, 17th International Conference on (ICPR'04) Volume 3 - Volume 03},
 series = {ICPR '04},
 year = {2004},
 isbn = {0-7695-2128-2},
 pages = {430--433},
 numpages = {4},
 url = {http://dx.doi.org/10.1109/ICPR.2004.671},
 doi = {10.1109/ICPR.2004.671},
 acmid = {1021000},
 publisher = {IEEE Computer Society},
 address = {Washington, DC, USA},
}

@InProceedings{dai:ensemble:European Conference on Computer Vision12b,
  author = {D. Dai and M. Prasad and C. Leistner and L. Van Gool},
  title = {Ensemble Partitioning for Unsupervised Image Categorization},
  booktitle = {European Conference on Computer Vision},
  year = {2012},
  keywords = {}
}

@inproceedings{Singh:European Conference on Computer Vision12,
  author    = {Saurabh Singh and
               Abhinav Gupta and
               Alexei A. Efros},
  title     = {Unsupervised Discovery of Mid-Level Discriminative Patches},
  booktitle = {European Conference on Computer Vision},
  year      = {2012}, 
pages={73-86}
}

@inproceedings{Efros:sig2001,
 author = {Efros, Alexei A. and Freeman, William T.},
 title = {Image quilting for texture synthesis and transfer},
 booktitle = {SIGGRAPH},
 year = {2001}
} 

@article{Portilla:2000:International Journal of Computer Vision,
 author = {Portilla, Javier and Simoncelli, Eero P.},
 title = {A Parametric Texture Model Based on Joint Statistics of Complex Wavelet Coefficients},
 journal = {International Journal of Computer Vision},
 issue_date = {Oct. 2000},
 volume = {40},
 number = {1},
 month = oct,
 year = {2000},
 issn = {0920-5691},
 pages = {49--70},
 numpages = {22},
 url = {http://dx.doi.org/10.1023/A:1026553619983},
 doi = {10.1023/A:1026553619983},
 acmid = {363108},
 publisher = {Kluwer Academic Publishers},
 address = {Hingham, MA, USA},
 keywords = {Julesz conjecture, Markov random field, altering projections, non Gaussian statstics, textur modeling, texture synthesis},
} 

@InProceedings{dai:European Conference on Computer Vision12a,
  author = {D. Dai and M. Prasad and G. Schmitt and L. Van Gool},
  title = {Learning Domain Knowledge for Facade Labeling},
  booktitle = {European Conference on Computer Vision},
  year = {2012},
  keywords = {}
}


@InProceedings{Riemenschneider:CVPR12,
  author = {H. Riemenschneider and U. Krispel and W. Thaller and M. Donoser and S. Havemann and D. Fellner and H. Bischof},
  title = {Irregular lattices for complex shape grammar facade parsing},
  booktitle = {IEEE Conference on Computer Vision and Pattern Recognition},
  year = {2012},
  keywords = {}
}




%%%%%%%%%%European Conference on Computer Vision paper %%%%%%
% This file was created with JabRef 2.6.
% Encoding: UTF-8

@ARTICLE{Alpher02,
  author = {A. Alpher},
  title = {Frobnication},
  journal = {Journal of Foo},
  year = {2002},
  volume = {12},
  pages = {234--778},
  number = {1}
}

@ARTICLE{Alpher03,
  author = {A. Alpher and and J.~P.~N. Fotheringham-Smythe},
  title = {Frobnication revisited},
  journal = {Journal of Foo},
  year = {2003},
  volume = {13},
  pages = {234--778},
  number = {1}
}

@ARTICLE{Alpher04,
  author = {A. Alpher and and J.~P.~N. Fotheringham-Smythe and G. Gamow},
  title = {Can a machine frobnicate?},
  journal = {Journal of Foo},
  year = {2004},
  volume = {14},
  pages = {234--778},
  number = {1}
}

@MISC{Authors12,
  author = {Authors},
  title = {The frobnicatable foo filter},
  year = {2012},
  note = {BMVC12 submission ID 324. Supplied as additional material {\tt bmvc12.pdf}}
}

@MISC{Authors12b,
  author = {Authors},
  title = {Frobnication tutorial},
  year = {2012},
  note = {Supplied as additional material {\tt tr.pdf}}
}

@ARTICLE{Barbu:Swendsen-wang:2005,
  author = {Adrian Barbu and Song-Chun Zhu},
  title = {Generalizing Swendsen-Wang to Sampling Arbitrary Posterior Probabilities},
  journal = {IEEE Transactions on Pattern Analysis and Machine Intelligence},
  year = {2005},
  volume = {27},
  pages = {1239--1253}
}

@INPROCEEDINGS{Barinova_geometricimage,
  author = {O. Barinova and V. Lempitsky and E. Tretiak and P. Kohli},
  title = {Geometric Image Parsing in Man-Made Environments},
  booktitle = {European Conference on Computer Vision},
  year = {2010}
}

@INPROCEEDINGS{Berg:parsing:International Conference on Computer Vision07,
  author = {Alexander C. Berg and Floraine Grabler and Jitendra Malik},
  title = {Parsing Images of Architectural Scenes.},
  booktitle = {International Conference on Computer Vision},
  year = {2007}
}

@BOOK{Bishop:book:2006,
  title = {Pattern Recognition and Machine Learning},
  publisher = {Springer},
  year = {2006},
  author = {Bishop, Christopher M},
  volume = {4},
  number = {4},
  pages = {738}
}

@ARTICLE{Breiman:RF:2001,
  author = {Breiman, Leo},
  title = {Random Forests},
  journal = {Machine Learning},
  year = {2001},
  volume = {45},
  pages = {5--32},
  number = {1},
  publisher = {Springer}
}

@INPROCEEDINGS{Ceylan:Eurographics:2012,
  author = {D. Ceylan and N. J. Mitra and H. Li and T. Weise and M. Pauly},
  title = {Factored Facade Acquisition using Symmetric Line Arrangements},
  booktitle = {Eurographics},
  year = {2012}
}

@ARTICLE{Coughlan:Advances in Neural Information Processing Systems:2001,
  author = {Coughlan, J M and Yuille, A L},
  title = {The Manhattan World Assumption : Regularities in scene statistics
	which enable Bayesian inference},
  year = {2001},
  booktitle = {Advances in Neural Information Processing Systems}
}

@ARTICLE{Finkenzeller_2005,
  author = {Finkenzeller, Dieter and Bender, Jan and Schmitt, Alfred},
  title = {Feature-based decomposition of façades},
  journal = {Work},
  year = {2005},
  pages = {1--9}
}

@inproceedings{ValGool:Towardsmass:2007,
  author = {Luc Van Gool and Gang Zeng and Filip Van Den Borre and Pascal M\"uller},
  title = {TOWARDS MASS-PRODUCED BUILDING MODELS},
booktitle = {PIA},
  year = {2007}
}

@ARTICLE{Gould:2008:International Journal of Computer Vision,
  author = {Stephen Gould and Jim Rodgers and David Cohen and Gal Elidan and
	Daphne Koller},
  title = {Multi-Class Segmentation with Relative Location Prior.},
  journal = {International Journal of Computer Vision},
  year = {2008},
  volume = {80},
  pages = {300-316},
  number = {3}
}

@INPROCEEDINGS{Haegler:Eurographics:2010,
  author = {S. Haegler and P. Wonka and S. M\"ueller Arisona and L. Van Gool
	and P. M\"ueller},
  title = {Grammar-Based Encoding of Facades},
  booktitle = {Eurographics},
  year = {2010}
}

@INPROCEEDINGS{Feng:2005,
  author = {Feng Han and Song-chun Zhu},
  title = {Bottom-up/top-down image parsing by attribute graph grammar},
  booktitle = {International Conference on Computer Vision},
  year = {2005}
}

@INPROCEEDINGS{Jegou:hamming:2008,
  author = {Herve Jegou and Matthijs Douze and Cordelia Schmid},
  title = {Hamming Embedding and Weak Geometric Consistency for Large Scale
	Image Search.},
  booktitle = {European Conference on Computer Vision},
  year = {2008}
}

@ARTICLE{Laycock_2003,
  author = {Laycock, R G},
  title = {Automatically Generating Roof Models from Building Footprints},
  journal = {Information Systems Journal},
  year = {2003},
  pages = {4--7},
  publisher = {Citeseer},
  url = {http://citeseerx.ist.psu.edu/viewdoc/download?doi=10.1.1.14.1162&rep=rep1&type=pdf}
}

@INPROCEEDINGS{Lefebvre:2010,
  author = {Sylvain Lefebvre and Samuel Hornus and Anass Lasram},
  title = {By-example Synthesis of Architectural Textures},
  booktitle = {SIGGRAPH},
  year = {2010}
}

@INPROCEEDINGS{Li:International Conference on Computer Vision:2011,
  author = {Y. Li and A. Sharf and D. Cohen-or and B. Chen},
  title = {2D-3D fusion for layer decomposition of urban facades},
  booktitle = {International Conference on Computer Vision},
  year = {2011}
}

@INPROCEEDINGS{Müller:SIGGRAPH:2007,
  author = {P. M\"uller and G. Zeng and P. Wonka and L. Van Gool},
  title = {Image-based procedural modeling of facades},
  booktitle = {SIGGRAPH},
  year = {2007}
}

@INPROCEEDINGS{Przemyslaw:Eurographics:2012,
  author = {P. Musialski and M. Wimmer, P. Wonka},
  title = {Interactive Coherence-Based Facade Modeling},
  booktitle = {Eurographics},
  year = {2012}
}

@INPROCEEDINGS{Müller_2006,
  author = {Pascal M\"uller and Peter Wonka and Simon Haegler and Andreas Ulmer
	and Luc Van Gool},
  title = {Procedural Modeling of Buildings},
  year = {2006},
  booktitle = {SIGGRAPH}
}

@INPROCEEDINGS{Nan:SIGGRAPH:2010,
  author = {L. Nan and A. Sharf and H. Zhang and D. Cohen-Or and B. Chen},
  title = {SmartBoxes for interactive urban reconstruction},
  booktitle = {ACM SIGGRAPH},
  year = {2010}
}

@INPROCEEDINGS{Qin:hello:2010,
  author = {Danfeng Qin and Stephan Gammeter and Lukas Bossard and Till Quack
	and Luc J. Van Gool},
  title = {Hello neighbor: Accurate object retrieval with k-reciprocal nearest
	neighbors.},
  booktitle = {IEEE Conference on Computer Vision and Pattern Recognition},
  year = {2011}
}

@INPROCEEDINGS{Recky:facadeseg:2011,
  author = {Michal Recky and Andreas Wendel and Franz Leberl},
  title = {Fa\c{c}ade Segmentation in a Multi-view Scenario.},
  booktitle = {3DIMPVT},
  year = {2011},
  pages = {358-365}
}

@ARTICLE{Ripperda:2008,
  author = {N. Ripperda},
  title = {Grammar Based Facade Reconstruction using rjMCMC},
  journal = {Photogrammetrie Fernerkundung GeoInformation},
  year = {2008},
  volume = {2},
  pages = {83--92},
  number = {1972}
}

@INPROCEEDINGS{Shen:SigAsia:2011,
  author = {Shen, Chao-Hui and Huang, Shi-Sheng and Fu, Hongbo and Hu, Shi-Min},
  title = {Adaptive Partitioning of Urban Facades},
  booktitle = {SIGGRAPH Asia},
  year = {2011}
}

@ARTICLE{Shi:IEEE Transactions on Pattern Analysis and Machine Intelligence:2000,
  author = {Jianbo Shi and Jitendra Malik},
  title = {Normalized Cuts and Image Segmentation},
  journal = {IEEE Transactions on Pattern Analysis and Machine Intelligence},
  year = {2000},
  volume = {22},
  pages = {888--905}
}

@INPROCEEDINGS{Shotton:semantictexton:2008,
  author = {Jamie Shotton and Matthew Johnson and Roberto Cipolla},
  title = {Semantic Texton Forests for Image Categorization and Segmentation},
  booktitle = {IEEE Conference on Computer Vision and Pattern Recognition},
  year = {2008}
}

@INPROCEEDINGS{Shotton:2006:European Conference on Computer Vision,
  author = {J. Shotton and J. Winn and C. Rother and A. Criminisi},
  title = {Textonboost: Joint appearance, shape and context modeling for multi-class
	object recognition and segmentation},
  booktitle = {European Conference on Computer Vision},
  year = {2006}
}

@INPROCEEDINGS{Szummer:CRFlearning:2008,
  author = {Martin Szummer and Pushmeet Kohli and Derek Hoiem},
  title = {Learning CRFs Using Graph Cuts.},
  booktitle = {European Conference on Computer Vision},
  year = {2008}
}

@PHDTHESIS{Teboul:thesis:2011,
  author = {Olivier Teboul},
  title = {Shape Grammar Parsing: Application to Image-based Modeling},
  school = {Ecole Centrale Paris},
  year = {2011},
  owner = {daid},
  timestamp = {2012.02.22}
}

@INPROCEEDINGS{Teboul:CVPR:2011,
  author = {O. Teboul and I. Kokkinos and P. Koutsourakis and N. Paragios},
  title = {Shape Grammar Parsing via Reinforcement Learning},
  booktitle = {IEEE Conference on Computer Vision and Pattern Recognition},
  year = {2011}
}

@INPROCEEDINGS{Teboul:CVPR:2010,
  author = {O. Teboul and L. Simon and P. Koutsourakis and N. Paragios},
  title = {Segmentation of Building Facades Using Procedural Shape Priors},
  booktitle = {IEEE Conference on Computer Vision and Pattern Recognition},
  year = {2010}
}

@INPROCEEDINGS{Lazebnik:2010:European Conference on Computer Vision,
  author = {Joseph Tighe and Svetlana Lazebnik},
  title = {SuperParsing: Scalable Nonparametric Image Parsing with Superpixels.},
  booktitle = {European Conference on Computer Vision},
  year = {2010}
}

@INPROCEEDINGS{Tu:auto-context:2008,
  author = {Zhuowen Tu},
  title = {Auto-context and its application to high-level vision tasks.},
  booktitle = {IEEE Conference on Computer Vision and Pattern Recognition},
  year = {2008}
}

@INPROCEEDINGS{Wendel:UnFacadeSeg:2011,
  author = {Andreas Wendel and Michael Donoser and Horst Bischof},
  title = {Unsupervised Facade Segmentation Using Repetitive Patterns.},
  booktitle = {DAGM},
  year = {2010},
  pages = {51-60}
}

@INPROCEEDINGS{Xiao:Image-based:2008,
  author = {Jianxiong Xiao and Tian Fang and Ping Tan and Peng Zhao and Eyal
	Ofek and Long Quan},
  title = {Image-based fa\c{c}ade modeling.},
  booktitle = {SIGGRAPH Asia},
  year = {2008}
}

@INPROCEEDINGS{Xiao:Image-based:2009,
  author = {Jianxiong Xiao and Tian Fang and Peng Zhao and Maxime Lhuillier and
	Long Quan},
  title = {Image-based street-side city modeling.},
  booktitle = {SIGGRAPH Asia},
  year = {2009}
}

@INPROCEEDINGS{Zhao:CVPR:2010,
  author = {P. Zhao and T. Fang and J. Xiao and H. Zhang and Q. Zhao and L. Quan
	and V. Buaa},
  title = {Rectilinear Parsing of Architecture in Urban Environment},
  booktitle = {IEEE Conference on Computer Vision and Pattern Recognition},
  year = {2010}
}

@PHDTHESIS{Teboul:thesis:2011,
  author = {Olivier Teboul},
  title = {Shape Grammar Parsing: Application to Image-based Modeling},
  school = {Ecole Centrale Paris},
  year = {2011},
  owner = {daid},
  timestamp = {2012.02.22}
}

@INPROCEEDINGS{Dalal:HOG:CVPR05,
  author = {N. Dalal and  B. Triggs},
  title = {Histograms of oriented gradients for human detection},
  booktitle = {IEEE Conference on Computer Vision and Pattern Recognition},
  year = {2005},
  owner = {daid},
  timestamp = {2012.02.22}
}


@INPROCEEDINGS{Wu:PACT:CVPR09,
  author = {Jianixn Wu and Rehg, J.M.},
  title = {Where am I: Place instance and category recognition using spatial
	PACT},
  booktitle = {IEEE Conference on Computer Vision and Pattern Recognition},
  year = {2008},
  owner = {daid},
  timestamp = {2012.02.22}
}

@ARTICLE{Dick:Modeling:International Journal of Computer Vision04,
  author = {A.R. Dick and P.H.S. Torr and R. Cipolla},
  title = {Modelling and Interpretation of Architecture from Several Images},
  journal = {International Journal of Computer Vision},
  year = {2004},
  volume = {60},
  pages = {111-134},
  owner = {daid},
  timestamp = {2012.02.22}
}

@ARTICLE{Felzenszwalb:Segmentation:International Journal of Computer Vision04,
  author = {Pedro F. Felzenszwalb and Daniel P. Huttenlocher},
  title = {Efficient Graph-Based Image Segmentation},
  journal = {International Journal of Computer Vision},
  year = {2004},
  volume = {59},
  pages = {167-181},
  owner = {daid},
  timestamp = {2012.02.22}
}

@InProceedings{Socher:RNN:2011,
author = {Richard Socher and Cliff C. Lin and Andrew Y. Ng and Christopher D. Manning},
title = {{Parsing Natural Scenes and Natural Language with Recursive Neural Networks}},
booktitle = {International Conference on Machine Learning},
year = 2011
}

@INPROCEEDINGS{Hoiem:object:CVPR06,
    author = {Derek Hoiem and Alexei A. Efros and Martial Hebert},
    title = {Putting objects in perspective},
    booktitle = {IEEE Conference on Computer Vision and Pattern Recognition},
    year = {2006}
}

@INPROCEEDINGS{He:Multiscale:CVPR04,
AUTHOR = "Xuming He and Richard S. Zemel and Miguel {\'A}.\ Carreira-Perpin{\~n}{\'a}n",
TITLE = "Multiscale Conditional Random Fields for Image Labeling.",
booktitle = "IEEE Conference on Computer Vision and Pattern Recognition",
YEAR = {2004}  }

@ARTICLE{Toyoda:Random:IEEE Transactions on Pattern Analysis and Machine Intelligence08,
AUTHOR = "Takahiro Toyoda and Osamu Hasegawa",
TITLE = "Random Field Model for Integration of Local Information and Global Information.",
JOURNAL = "IEEE Transactions on Pattern Analysis and Machine Intelligence",
volume = {30}, 
PAGES = {1483-1489},
YEAR = {2008}  }


@ARTICLE{Leung:texton:2001,
AUTHOR = "Thomas K. Leung and Jitendra Malik",
TITLE = "Representing and Recognizing the Visual Appearance of Materials using Three-dimensional Textons.",
JOURNAL = "International Journal of Computer Vision", 
PAGES = {29-44},
YEAR = {2001}  }


@INPROCEEDINGS{Gould:decomposing:International Conference on Computer Vision09,
AUTHOR = "Stephen Gould and Richard Fulton and Daphne Koller",
TITLE = "Decomposing a scene into geometric and semantically consistent regions.",
booktitle = "International Conference on Computer Vision",
YEAR = {2009}  }


@article{Kwatra:tog:2005,
 author = {Kwatra, Vivek and Essa, Irfan and Bobick, Aaron and Kwatra, Nipun},
 title = {Texture optimization for example-based synthesis},
 journal = {ACM Trans. Graph.},
 volume = {24},
 number = {3},
 year = {2005},
} 


@inproceedings{Cho:CVPR:10,
  author    = {Taeg Sang Cho and
               Shai Avidan and
               William T. Freeman},
  title     = {A probabilistic image jigsaw puzzle solver},
  booktitle = {IEEE Conference on Computer Vision and Pattern Recognition},
  year      = {2010}
}


@Book{ Luke2009Metaheuristics, 
       author =    { Sean Luke }, 
       title =     { Essentials of Metaheuristics },
       year =      { 2009 }
     }


@inproceedings{Heeger:95,
 author = {Heeger, David J. and Bergen, James R.},
 title = {Pyramid-based texture analysis/synthesis},
 booktitle = {SIGGRAPH},
 year = {1995}
} 

@article{Portilla:00,
 author = {Portilla, Javier and Simoncelli, Eero P.},
 title = {A Parametric Texture Model Based on Joint Statistics of Complex Wavelet Coefficients},
 journal = {International Journal of Computer Vision},
 volume = {40},
 number = {1},
 year = {2000}
} 


@ARTICLE{Zhu:98:Frame,
    author = {Song Chun Zhu and Yingnian Wu and David Mumford},
    title = {Filters, Random fields And Maximum Entropy (FRAME) -- Towards a Unified Theory for Texture Modeling},
    journal = {International Journal of Computer Vision},
    year = {1998},
    volume = {27},
    number = {2}
}


@inproceedings{Zalesny:00:Compact,
  author    = {Alexey Zalesny and
               Luc J. Van Gool},
  title     = {A Compact Model for Viewpoint Dependent Texture Synthesis},
  booktitle = {SMILE},
  year      = {2000}
}

@article{Gimelfarb:96:Texture,
  author    = {Georgy L. Gimel'farb},
  title     = {Texture Modeling by Multiple Pairwise Pixel Interactions},
  journal   = {IEEE Transactions on Pattern Analysis and Machine Intelligence},
  volume    = {18},
  number    = {11},
  year      = {1996}
}


@inproceedings{Lefebvre:2010,
   TITLE      = "By-example Synthesis of Architectural Textures",
   AUTHOR     = "Sylvain Lefebvre and Samuel Hornus and Anass Lasram",
   booktitle    = "SIGGRAPH",
   YEAR       = "2010"
}


@article{Yeh:2013,
 author = {Yeh, Yi-Ting and Breeden, Katherine and Yang, Lingfeng and Fisher, Matthew and Hanrahan, Pat},
 title = {Synthesis of tiled patterns using factor graphs},
 journal = {ACM Trans. Graph.},
 volume = {32},
 number = {1},
 year = {2013}
} 

@article{Aliaga:2008,
 author = {Aliaga, Daniel G. and Vanegas, Carlos A. and Bene\v{s}, Bed\v{r}ich},
 title = {Interactive example-based urban layout synthesis},
 journal = {ACM Trans. Graph.},
 volume = {27},
 number = {5},
 year = {2008}
} 

@inproceedings{Merrell:2008,
 author = {Merrell, Paul and Manocha, Dinesh},
 title = {Continuous model synthesis},
 booktitle = {SIGGRAPH Asia},
 year = {2008},
} 

@article{Bao:2013,
 author = {Bao, Fan and Schwarz, Michael and Wonka, Peter},
 title = {Procedural facade variations from a single layout},
 journal = {ACM Trans. Graph.},
 volume = {32},
 number = {1},
 year = {2013}
} 


@article{Mitra:eu:13,
AUTHOR = "Sawsan AlHalawani and Yong-Liang Yang and Han Liu and Niloy J. Mitra",
TITLE = "Interactive Facades: Analysis and Synthesis of Semi-Regular Facades",
JOURNAL = "Eurographics", 
YEAR = "2013",
numpages = {10},
}

@inproceedings{Lin:2011,
 author = {Lin, Jinjie and Cohen-Or, Daniel and Zhang, Hao and Liang, Cheng and Sharf, Andrei and Deussen, Oliver and Chen, Baoquan},
 title = {Structure-preserving retargeting of irregular 3D architecture},
 booktitle = {SIGGRAPH Asia},
 year = {2011}
} 

@article{Bokeloh:2012,
 author = {Bokeloh, Martin and Wand, Michael and Seidel, Hans-Peter and Koltun, Vladlen},
 title = {An algebraic model for parameterized shape editing},
 journal = {ACM Trans. Graph.},
 volume = {31},
 number = {4},
 year = {2012}
} 

@inproceedings{Talton:2012,
 author = {Talton, Jerry and Yang, Lingfeng and Kumar, Ranjitha and Lim, Maxine and Goodman, Noah and M\v{e}ch, Radom\'{\i}r},
 title = {Learning design patterns with bayesian grammar induction},
 booktitle = {UIST},
 year = {2012}
} 

@ARTICLE{Aliaga:2008:Style,
author={Aliaga, Daniel G. and Rosen, P.A. and Bekins, D.R.},
journal={TVCG}, 
title={Style Grammars for Interactive Visualization of Architecture},
volume={13},
number={4}
}

@INPROCEEDINGS{CHO_IEEE Conference on Computer Vision and Pattern Recognition2008,
author = {Taeg Sang Cho and Moshe Butman and Shai Avidan and William T. Freeman},
title = {The patch transform and its applications to image editing},
booktitle = {IEEE Conference on Computer Vision and Pattern Recognition},
year = {2008}}


@inproceedings{Wonka:2003,
 author = {Wonka, Peter and Wimmer, Michael and Sillion, Fran\c{c}ois and Ribarsky, William},
 title = {Instant architecture},
 booktitle = {SIGGRAPH},
 year = {2003}
} 

@INPROCEEDINGS{Shotton:CVPR08,
author={Shotton, J. and Johnson, M. and Cipolla, R.},
booktitle={IEEE Conference on Computer Vision and Pattern Recognition}, 
title={Semantic texton forests for image categorization and segmentation},
year = {2008}
}




%%%%%%%%%%%%%Semi-supervised Learning%%%%%%%%%%%%%%%%%%%%
@article{Belkin:semiframe:2006,
 author = {Belkin, Mikhail and Niyogi, Partha and Sindhwani, Vikas},
 title = {Manifold Regularization: A Geometric Framework for Learning from Labeled and Unlabeled Examples},
 journal = {JMLR},
 volume = {7},
 pages = {2399--2434},
 year = {2006},
 number = {36}
}

@INPROCEEDINGS{Malisiewicz:beyond:2009,
    author = {Malisiewicz, Tomasz and Efros, Alyosha},
    booktitle = {Advances in Neural Information Processing Systems},
    title = {Beyond Categories: The Visual Memex Model for Reasoning About Object Relationships},
    year = {2009}
}

@book{Zhu:ISL:2009,
 author = {Zhu, Xiaojin and Goldberg, Andrew B},
 title = {Introduction to Semi-Supervised Learning},
 year = {2009},
} 

@INPROCEEDINGS{Zhu:Harmonic:03,
    author = {Xiaojin Zhu and Zoubin Ghahramani and John Lafferty},
    title = {Semi-Supervised Learning Using Gaussian Fields and Harmonic Functions},
    booktitle = {International Conference on Machine Learning},
    year = {2003}, pages={912-919}
}


@INPROCEEDINGS{Fergus09,
    author = {R. Fergus and Y. Weiss and A. Torralba},
    title = {Semi-supervised Learning in Gigantic Image Collections},
    booktitle = {Advances in Neural Information Processing Systems},
    year = {2009}, 
pages={522-530}
}


@ARTICLE{SemiBoost,
author={Kumar Mallapragada, P. and Rong Jin and Jain, A.K. and Yi Liu},
journal={IEEE  Transactions on Pattern Analysis and Machine Intelligence}, 
title={SemiBoost: Boosting for Semi-Supervised Learning},
year={2009},
 pages = {2000--2014},
volume={31},
number={11}
}

@INPROCEEDINGS{Zhou:nips:04,
    author = {Dengyong Zhou and Olivier Bousquet and Thomas Navin Lal and Jason Weston and Bernhard Schölkopf},
    title = {Learning with local and global consistency},
    booktitle = {Advances in Neural Information Processing Systems},
    year = {2004}, pages={321-328}
}

@INPROCEEDINGS{Liu:2001:iccv,
author={Xiaobai Liu and Xiaotong Yuan and Shuicheng Yan and Hai Jin},
booktitle={International Conference on Computer Vision},
 title={Multi-class semi-supervised SVMs with Positiveness Exclusive Regularization},
year={2011}
}

@INPROCEEDINGS{SemiForest,
author={Leistner, C. and Saffari, A. and Santner, J. and Bischof, H.},
booktitle={International Conference on Computer Vision}, 
title={Semi-Supervised Random Forests},
year={2009}, 
pages={506-513}
}


@INPROCEEDINGS{Semi:eccv12,
year={2012},
booktitle={European Conference on Computer Vision},
title={Constrained Semi-Supervised Learning Using Attributes and Comparative Attributes},
author={Shrivastava, Abhinav and Singh, Saurabh and Gupta, Abhinav}, pages={369-383}
}

@inproceedings{Guillaumin:CVPR:10,
  author    = {Matthieu Guillaumin and
               Jakob J. Verbeek and
               Cordelia Schmid},
  title     = {Multimodal semi-supervised learning for image classification},
  booktitle = {IEEE Conference on Computer Vision and Pattern Recognition},
  year      = {2010}, pages={902-909}
}

@inproceedings{Leistner:CVPR:2011,
 author = {Leistner, C. and Godec, M. and Schulter, S. and Saffari, A. and Werlberger, M. and Bischof, H.},
 title = {Improving classifiers with unlabeled weakly-related videos},
 booktitle = {IEEE Conference on Computer Vision and Pattern Recognition},
 year = {2011}
} 


@INPROCEEDINGS{Transfer:CVPR:08,
author={Quattoni, A. and Collins, M. and Darrell, T.},
booktitle={IEEE Conference on Computer Vision and Pattern Recognition}, 
title={Transfer learning for image classification with sparse prototype representations},
year={2008},
}

@inproceedings{J-Linkage:eccv08,
 author = {Toldo, Roberto and Fusiello, Andrea},
 title = {Robust Multiple Structures Estimation with J-Linkage},
 booktitle = {European Conference on Computer Vision},
 year = {2008}
} 

@INPROCEEDINGS{SemiSVM,
    author = {Kristin P. Bennett and Ayhan Demiriz},
    title = {Semi-supervised support vector machines},
    booktitle = {Advances in Neural Information Processing Systems},
    year = {1998}, 
    pages={368-374}
}

@inproceedings{Self-taught:icml07,
 author = {Raina, Rajat and Battle, Alexis and Lee, Honglak and Packer, Benjamin and Ng, Andrew Y.},
 title = {Self-taught learning: transfer learning from unlabeled data},
 booktitle = {International Conference on Machine Learning},
 year = {2007}, pages={759-766}
} 

@inproceedings{Joachims03,
    author = {Thorsten Joachims},
    title = {Transductive Learning via Spectral Graph Partitioning},
    booktitle = {International Conference on Machine Learning},
    year = {2003}
}

@inproceedings{Ebert:2010,
 author = {Ebert, Sandra and Larlus, Diane and Schiele, Bernt},
 title = {Extracting structures in image collections for object recognition},
 booktitle = {European Conference on Computer Vision},
 year = {2010}
} 

@inproceedings{JainK:CVPR09,
  author    = {Prateek Jain and
               Ashish Kapoor},
  title     = {Active learning for large multi-class problems},
  booktitle = {IEEE Conference on Computer Vision and Pattern Recognition},
  year      = {2009}, pages={762-769}
}

@inproceedings{Joachims:1999,
 author = {Joachims, Thorsten},
 title = {Transductive Inference for Text Classification using Support Vector Machines},
 booktitle = {International Conference on Machine Learning},
 year = {1999}, 
pages={200-209}
} 

@ARTICLE{Rosch:1978,
    author = {Rosch, Eleanor},
    journal = {Cognition and Categorization},
    pages = {27--48},
    title = {Principles of Categorization},
    year = {1978}
}

@INPROCEEDINGS{li:objectbank,
AUTHOR = {Li-Jia Li and Hao Su and Eric P. Xing and Fei-Fei Li},
TITLE = {Object Bank: A High-Level Image Representation for Scene Classification \& Semantic Feature Sparsification},
BOOKTITLE = {Advances in Neural Information Processing Systems},
YEAR = {2010}, 
pages={1378-1386}
}

@inproceedings{Singh:eccv12,
  author    = {Saurabh Singh and
               Abhinav Gupta and
               Alexei A. Efros},
  title     = {Unsupervised Discovery of Mid-Level Discriminative Patches},
  booktitle = {European Conference on Computer Vision},
  year      = {2012}
}

@inproceedings{malisiewicz:CVPR08,
  Author =	 {Tomasz Malisiewicz and Alexei A. Efros},
  Booktitle =	 {IEEE Conference on Computer Vision and Pattern Recognition},
  Title =	 {Recognition by Association via Learning Per-exemplar Distances},
  Year =	 {2008}
}

@INPROCEEDINGS{ObjectAttribute:CVPR09,
author={Farhadi, A. and Endres, I. and Hoiem, D. and Forsyth, D.},
booktitle={IEEE Conference on Computer Vision and Pattern Recognition}, 
title={Describing objects by their attributes},
year={2009}
}


@ARTICLE{UIUC:Texture,
author={Lazebnik, S. and Schmid, C. and Ponce, J.},
journal={IEEE  Transactions on Pattern Analysis and Machine Intelligence},
 title={A sparse texture representation using local affine regions},
year={2005},
pages = {1265--1278},
volume={27},
number={8}
}


@inproceedings{YiYang:iccv2011,
 author = {Yi Yang and Newsam, Shawn},
 title = {Spatial pyramid co-occurrence for image classification},
 booktitle = {International Conference on Computer Vision},
 year = {2011}
} 

@inproceedings{relativeAttribute,
  author    = {Devi Parikh and
               Kristen Grauman},
  title     = {Relative attributes},
  booktitle = {International Conference on Computer Vision},
  year      = {2011}
  }

@article{EnClasReview, 
year={2010},
journal={Artificial Intelligence Review},
volume={33},
number={1-2},
title={Ensemble-based classifiers},
author={Rokach, Lior},
pages={1-39},
}

@inproceedings{landuse21,
  title={Bag-of-visual-words and spatial extensions for land-use classification},
  author={Yang, Yi and Newsam, Shawn},
  booktitle={International Conference on Advances in Geographic Information Systems},
  pages={270--279},
  year={2010},
  organization={ACM}
}

@inproceedings{eccv10:classemes,
 author = {Torresani, Lorenzo and Szummer, Martin and Fitzgibbon, Andrew},
 title = {Efficient object category recognition using classemes},
 booktitle = {European Conference on Computer Vision},
 year = {2010}, pages={776-789}
} 

@INPROCEEDINGS{cvpr10:large_embedding,
author={Perronnin, F. and Sánchez, J. and Yan Liu},
booktitle={IEEE Conference on Computer Vision and Pattern Recognition},
title={Large-scale image categorization with explicit data embedding},
year={2010}
}

@INPROCEEDINGS{cvpr13:graph_location,
author={Cao, S. and Snavely, N.},
booktitle={IEEE Conference on Computer Vision and Pattern Recognition},
title={graph-based discriminative learning for location recognition},
year={2013}
}

@INPROCEEDINGS{cvpr13:consensus_knn,
author={Vittal Premachandran and Ramakrishna Kakarala},
booktitle={IEEE Conference on Computer Vision and Pattern Recognition},
title={Consensus of k-NNs for Robust Neighborhood Selection on Graph-Based Manifolds},
year={2013}
}

@INPROCEEDINGS{Fern03RP,
    author = {Xiaoli Zhang Fern and Carla E. Brodley},
    title = {Random projection for high dimensional data clustering: A cluster ensemble approach},
    booktitle = {International Conference on Machine Learning},
    year = {2003}
}

@inproceedings{ensemble:iccv11,
 author = {Kozakaya, Tatsuo and Ito, Satoshi and Kubota, Susumu},
 title = {Random ensemble metrics for object recognition},
 booktitle = {International Conference on Computer Vision},
 year = {2011}, pages={1959-1966}
} 


@inproceedings{imagenet:CVPR09,
        AUTHOR = {Deng, J. and Dong, W. and Socher, R. and Li, L.-J. and Li, K. and Fei-Fei, L.},
        TITLE = {{ImageNet: A Large-Scale Hierarchical Image Database}},
        BOOKTITLE = {IEEE Conference on Computer Vision and Pattern Recognition},
        YEAR = {2009}
}

@INPROCEEDINGS{LLC:CVPR10,
author={Jinjun Wang and Jianchao Yang and Kai Yu and Fengjun Lv and Huang, T. and Yihong Gong},
booktitle={IEEE Conference on Computer Vision and Pattern Recognition},
title={Locality-constrained Linear Coding for image classification},
year={2010}, pages={3360-3367}}

@inproceedings{devil:bmvc11,
      title = {The devil is in the details: an evaluation of recent feature encoding methods},
      author = {Ken Chatfield,  Victor Lempitsky,  Andrea Vedaldi and  Andrew Zisserman},
      year={2011},
      booktitle={BMVC}
}

@incollection{augmented_attribute:eccv12,
year={2012},
booktitle={European Conference on Computer Vision},
title={Augmented Attribute Representations},
author={Sharmanska, Viktoriia and Quadrianto, Novi and Lampert, ChristophH.}, pages={242-255}
}

@INPROCEEDINGS{design_attribute:CVPR13,
author={Yu, Felix X. and Cao, Liangliang and Feris, Rogerio S. and Smith, John R. and Chang, Shih-Fu},
booktitle={IEEE Conference on Computer Vision and Pattern Recognition},
title={Designing Category-Level Attributes for Discriminative Visual Recognition},
year={2013}, pages={771-778}
}


@InProceedings{neverhurt:icml11,
  author =    {Yu-Feng Li and Zhi-Hua Zhou},
  title =     {Towards Making Unlabeled Data Never Hurt},
  booktitle = {International Conference on Machine Learning},
  year =      {2011}, pages={175-188}
}

@inproceedings{cvpr09:multi:al,
  title={Multi-class active learning for image classification},
  author={Joshi, Ajay J and Porikli, Fatih and Papanikolopoulos, Nikolaos},
  booktitle={IEEE Conference on Computer Vision and Pattern Recognition},
  year={2009}, pages={2372-2379}
}



%%%%%%%%%%%%%%%%%%%%%deep learning%%%%%%%%%%%%%%%%%%%%%%%%%%%%%%%%

@inproceedings{nips12:cnn,
title = {ImageNet Classification with Deep Convolutional Neural Networks},
author = {Alex Krizhevsky and Sutskever, Ilya and Geoffrey E. Hinton},
booktitle = {Advances in Neural Information Processing Systems},
year = {2012}, pages={1097-1105}
}


@article{tl:survey,
 author = {Pan, Sinno Jialin and Yang, Qiang},
 title = {A Survey on Transfer Learning},
 journal = {IEEE Trans. on Knowl. and Data Eng.},
 volume = {22},
 number = {10},
 year = {2010},
 pages = {1345--1359},
 } 

@INPROCEEDINGS{siftllc:CVPR10,
author={Jinjun Wang and Jianchao Yang and Kai Yu and Fengjun Lv and Huang, T. and Yihong Gong},
booktitle={IEEE Conference on Computer Vision and Pattern Recognition},
title={Locality-constrained Linear Coding for image classification},
year={2010},  pages={3360-3367}
}

@InProceedings{Yang_2014_CVPR,
author = {Meng Yang and Dengxin Dai and Lilin Shen and Luc {Van Gool}},
title = {Latent Dictionary Learning for Sparse Representation based Classification},
booktitle = {IEEE Conference on Computer Vision and Pattern Recognition},
year = {2014}, pages={4138-4145}
} 

@InProceedings{cvpr12:weak:video,
  author = {A. Prest and C. Leistner and J. Civera and C. Schmid and V. Ferrari},
  title = {Learning Object Class Detectors from Weakly Annotated Video},
  booktitle = {IEEE Conference on Computer Vision and Pattern Recognition},
  year = {2012},    pages = {3282-3289},
}

@article{yang:sar:tip,
  author    = {Wen Yang and
               Dengxin Dai and
               Bill Triggs and
               Gui-Song Xia},
  title     = {SAR-Based Terrain Classification Using Weakly Supervised
               Hierarchical Markov Aspect Models},
  journal   = {IEEE Transactions on Image Processing},
  volume    = {21},
  number    = {9},
  year      = {2012},
  pages     = {4232-4243}
}

@INPROCEEDINGS{ICCV05:google:classifier,
author={Fergus, R. and Fei-Fei, L. and Perona, P. and Zisserman, A.},
booktitle={International Conference on Computer Vision},
title={Learning object categories from Google's image search},
year={2005}
}


@article{game:purpose,
  title={Games with a purpose},
  author={Von Ahn, Luis},
  journal={Computer},
  volume={39},
  number={6},
  pages={92--94},
  year={2006},
  publisher={IEEE}
}


@article{labelme,
  title={LabelMe: a database and web-based tool for image annotation},
  author={Russell, Bryan C and Torralba, Antonio and Murphy, Kevin P and Freeman, William T},
  journal={International Journal of Computer Vision},
  volume={77},
  number={1-3},
  pages={157--173},
  year={2008},
  publisher={Springer}
}

@inproceedings{icml10:large:graph:ssl,
  title={Large graph construction for scalable semi-supervised learning},
  author={Liu, Wei and He, Junfeng and Chang, Shih-Fu},
  booktitle={International Conference on Machine Learning},
  year={2010}, pages={679-686}
}


@inproceedings{icml09:PVM,
  title={Prototype vector machine for large scale semi-supervised learning},
  author={Zhang, Kai and Kwok, James T and Parvin, Bahram},
  booktitle={Proceedings of the 26th Annual International Conference on Machine Learning},
  pages={1233--1240},
  year={2009},
  organization={ACM}
}


@Book{book06:ssl,
  editor =	 {O. Chapelle and B. Sch{\"o}lkopf and A. Zien},
  title = 	 {Semi-Supervised Learning},
  publisher = 	 {MIT Press},
  year = 	 2006,
  address =	 {Cambridge, MA}
}

@incollection{ECCV10:ssl,
  title={Extracting structures in image collections for object recognition},
  author={Ebert, Sandra and Larlus, Diane and Schiele, Bernt},
  booktitle={European Conference on Computer Vision},
  year={2010}, pages={720-733}
}

@incollection{ecml14:ssl,
year={2014},
booktitle={Machine Learning and Knowledge Discovery in Databases},
volume={8725},
title={Semi-supervised Learning Using an Unsupervised Atlas},
author={Pitelis, Nikolaos and Russell, Chris and Agapito, Lourdes},
pages={565-580}
}

@inproceedings{NIPS14:ssl,
  title={Semi-supervised learning with deep generative models},
  author={Kingma, Diederik P and Mohamed, Shakir and Rezende, Danilo Jimenez and Welling, Max},
  booktitle={Advances in Neural Information Processing Systems},
  year={2014}, pages={3581-3589}
}


@inproceedings{svhn:2011,
  title={Reading digits in natural images with unsupervised feature learning},
  author={Netzer, Yuval and Wang, Tao and Coates, Adam and Bissacco, Alessandro and Wu, Bo and Ng, Andrew Y},
  booktitle={Advances in Neural Information Processing Systems workshop on deep learning and unsupervised feature learning},
  volume={2011},
  number={2},
  pages={5},
  year={2011},
  organization={Granada, Spain}
}

@inproceedings{co-training:98,
 author = {Blum, Avrim and Mitchell, Tom},
 title = {Combining Labeled and Unlabeled Data with Co-training},
 booktitle = {Proceedings of the Eleventh Annual Conference on Computational Learning Theory},
 series = {COLT' 98},
 year = {1998},
 pages = {92--100}
} 


@Article{columbia:texture,
author = {K.J. Dana and B. Van-Ginneken and S.K. Nayar and J.J. Koenderink},
title = {{R}eflectance and {T}exture of {R}eal {W}orld {S}urfaces},
journal = {ACM TOG},
volume = {18},
number = {1},
pages = {1--34},
year = {1999}
}


@incollection{building-25,
year={2014},
booktitle={European Conference on Computer Vision},
title={Architectural Style Classification Using Multinomial Latent Logistic Regression},
author={Xu, Zhe and Tao, Dacheng and Zhang, Ya and Wu, Junjie and Tsoi, AhChung}, 
pages={600-615}
}


@inproceedings{caffe14,
author={Jeff Donahue and Yangqing Jia and Oriol Vinyals and Judy Hoffman and Ning Zhang and Eric Tzeng and Trevor Darrell},
title={DeCAF: A Deep Convolutional Activation Feature for Generic Visual Recognition},
booktitle={International Conference on Machine Learning},
year={2014}
}


@INPROCEEDINGS{rich:feature:CVPR14,
author={Girshick, R. and Donahue, J. and Darrell, T. and Malik, J.},
booktitle={IEEE Conference on Computer Vision and Pattern Recognition},
title={Rich Feature Hierarchies for Accurate Object Detection and Semantic Segmentation},
year={2014}
}

@InProceedings{deep:bmvc14,
  author       = "Chatfield, K. and Simonyan, K. and Vedaldi, A. and Zisserman, A.",
  title        = "Return of the Devil in the Details: Delving Deep into Convolutional Nets",
  booktitle    = "British Machine Vision Conference",
  year         = "2014"
}

@InProceedings{random:hashing,
author = "Tang, Tao-Yen and Huang Tzu-Wei and Chen, Hwann-Tzong",
title = "Random Exemplar Hashing", 
booktitle = "DDS", 
year = "2013"
}

@InProceedings{cnnfet14,
    title={Discriminative Unsupervised Feature Learning with Convolutional Neural Networks},
    author={Dosovitskiy, Alexey and {T. Springenberg}, Jost and Riedmiller, Martin and Brox, Thomas},
    booktitle={Advances in Neural Information Processing Systems},
    year={2014}, 
pages={766-774}
} 


@inproceedings{deep:semi:embedding,
 author = {Weston, Jason and Ratle, Fr{\'e}d{\'e}ric and Collobert, Ronan},
 title = {Deep Learning via Semi-supervised Embedding},
 booktitle = {International Conference on Machine Learning},
 year = {2008}, 
pages={639-655}
}


@inproceedings{feature:context,
  title = {Unsupervised Visual Representation Learning by Context Prediction},
  author = {Doersch, Carl and Gupta, Abhinav and Efros, Alexei A.},
  booktitle = {International Conference on Computer Vision},
  year = {2015}, 
pages={1422-1430}
}


@inproceedings{feature:video,
  title = {Unsupervised Learning of Visual Representations using Videos },
  author = {Wang, Xiaolong  and Gupta, Abhinav  },
  booktitle = {International Conference on Computer Vision},
  year = {2015}, pages={2794-2802}
}


@inproceedings{feature:LSTM,
   title="Unsupervised Learning of Video Representations using LSTMs",
   Author={Srivastava, Nitish and Mansimov, Elman and Salakhudinov, Ruslan},
   year="2015",
   Booktitle="International Conference on Machine Learning",
   } 


@InProceedings{stl-10,
  title={An analysis of single-layer networks in unsupervised feature learning},
  author={Coates, Adam and Ng, Andrew Y and Lee, Honglak},
  booktitle={International Conference on Artificial Intelligence and Statistics},
  year={2011}, 
pages={215-223}
}

@inproceedings{MatConvNet,
      author    = {A. Vedaldi and K. Lenc},
      title     = {MatConvNet -- Convolutional Neural Networks for MATLAB},
      booktitle      = {Proceeding of the {ACM} Int. Conf. on Multimedia},
      year      = {2015}
}

@inproceedings{transformation:CVPR14,
  title={Transformation pursuit for image classification},
  author={Paulin, Mattis and Revaud, J{\'e}r{\^o}me and Harchaoui, Zaid and Perronnin, Florent and Schmid, Cordelia},
  booktitle={IEEE Conference on Computer Vision and Pattern Recognition},
  year={2014}, 
  pages={3646--3653}
}

@inproceedings{mid-level:patches,
  title={Unsupervised discovery of mid-level discriminative patches},
  author={Singh, Saurabh and Gupta, Abhinav and Efros, Alexei A},
  booktitle={European Conference on Computer Vision},
  year={2012}, 
pages={73-86}
}

@techreport{dai:EnProDeepFets,
  author = {Dengxin Dai and Luc {Van Gool}},
  title = {Ensemble Projection with CNN Features for Semi-supervised Image Classification and Image Clustering},
  year = {2015},
  month = {May},
 institution = {ETH Zurich}
}


@InProceedings{metric:imitation,
  author = { Dengxin Dai and Till Kroeger and Radu Timofte and Luc {Van Gool}},
  title = {Metric Imitation by manifold transfer for efficient vision applications},
  booktitle = {IEEE Conference on Computer Vision and Pattern Recognition},
  year = {2015}, 
pages={3527-3536}
}


@inproceedings{cnn:transferable,
  title={How transferable are features in deep neural networks?},
  author={Yosinski, Jason and Clune, Jeff and Bengio, Yoshua and Lipson, Hod},
  booktitle={Advances in Neural Information Processing Systems},
  year={2014}, pages={3320-3328}
}


@inproceedings{midlevel:transfer,
 author = {Oquab, Maxime and Bottou, Leon and Laptev, Ivan and Sivic, Josef},
 title = {Learning and Transferring Mid-level Image Representations Using Convolutional Neural Networks},
 booktitle = {IEEE Conference on Computer Vision and Pattern Recognition},
 year = {2014}, 
pages={1717-1724}
} 


@inproceedings{learning:by:moving,
  title={Learning to See by Moving},
  author={Agrawal, Pulkit and Carreira, Joao and Malik, Jitendra},
  booktitle={International Conference on Computer Vision},
  year={2015}, 
pages={37-45}
}


@INPROCEEDINGS{6618962,
author={Jonghyun Choi and Rastegari, M. and Farhadi, A. and Davis, L.S.},
booktitle={IEEE Conference on Computer Vision and Pattern Recognition},
title={Adding Unlabeled Samples to Categories by Learned Attributes},
year={2013},
pages={875-882},
month={June},}

