@inproceedings{hayko:eccv2010,
 author = {Riemenschneider, Hayko and Donoser, Michael and Bischof, Horst},
 title = {Using partial edge contour matches for efficient object category localization},
 booktitle = {ECCV},
 year = {2010}
} 


@ARTICLE{canny:edge, 
author={Canny, John}, 
journal={PAMI}, 
title={A Computational Approach to Edge Detection}, 
year={1986}, 
volume={8}, 
number={6}, 
pages={679-698}
}


@article{material:ijcv13,
year={2013},
journal={IJCV},
volume={103},
number={3},
title={Recognizing Materials Using Perceptually Inspired Features},
author={Sharan, Lavanya and Liu, Ce and Rosenholtz, Ruth and Adelson, EdwardH.},
pages={348-371}
}


@article{tsmoothing2012,
    author = {Li Xu and Qiong Yan and Yang Xia and Jiaya Jia},
    title = {Structure Extraction from Texture via Natural Variation Measure},
    journal = {ACM Transactions on Graphics (SIGGRAPH Asia)},
    year = {2012}, 
}
  
@InProceedings{WLKT09,
  author       = "Wei, Li-Yi and Lefebvre, Sylvain and Kwatra, Vivek and Turk, Greg",
  title        = "State of the Art in Example-based Texture Synthesis",
  booktitle    = "EG-STAR",
  year         = "2009"
}


@inproceedings{Ashikhmin:2001,
 author = {Ashikhmin, Michael},
 title = {Synthesizing natural textures},
 booktitle = {Proceedings of the 2001 symposium on Interactive 3D graphics},
 series = {I3D '01},
 year = {2001},
 isbn = {1-58113-292-1},
 pages = {217--226},
 numpages = {10},
 url = {http://doi.acm.org/10.1145/364338.364405},
 doi = {10.1145/364338.364405},
 acmid = {364405},
 publisher = {ACM},
 address = {New York, NY, USA},
 keywords = {texture synthesys, user interaction},
}

@article{Breunig:2000,
 author = {Breunig, Markus M. and Kriegel, Hans-Peter and Ng, Raymond T. and Sander, J\"{o}rg},
 title = {LOF: identifying density-based local outliers},
 journal = {SIGMOD Rec.},
 issue_date = {June 2000},
 volume = {29},
 number = {2},
 month = may,
 year = {2000},
 issn = {0163-5808},
 pages = {93--104},
 numpages = {12},
 url = {http://doi.acm.org/10.1145/335191.335388},
 doi = {10.1145/335191.335388},
 acmid = {335388},
 publisher = {ACM},
 address = {New York, NY, USA},
 keywords = {database mining, outlier detection},
}

@inproceedings{Hautamaki:2004,
 author = {Hautamaki, Ville and Karkkainen, Ismo and Franti, Pasi},
 title = {Outlier Detection Using k-Nearest Neighbour Graph},
 booktitle = {Proceedings of the Pattern Recognition, 17th International Conference on (ICPR'04) Volume 3 - Volume 03},
 series = {ICPR '04},
 year = {2004},
 isbn = {0-7695-2128-2},
 pages = {430--433},
 numpages = {4},
 url = {http://dx.doi.org/10.1109/ICPR.2004.671},
 doi = {10.1109/ICPR.2004.671},
 acmid = {1021000},
 publisher = {IEEE Computer Society},
 address = {Washington, DC, USA},
}

@InProceedings{dai:ensemble:eccv12,
  author = {D. Dai and M. Prasad and C. Leistner and L. Van Gool},
  title = {Ensemble Partitioning for Unsupervised Image Categorization},
  booktitle = {ECCV},
  year = {2012},
  keywords = {}
}

@inproceedings{Singh:eccv12,
  author    = {Saurabh Singh and
               Abhinav Gupta and
               Alexei A. Efros},
  title     = {Unsupervised Discovery of Mid-Level Discriminative Patches},
  booktitle = {ECCV},
  year      = {2012}
}

@inproceedings{Efros:sig2001,
 author = {Efros, Alexei A. and Freeman, William T.},
 title = {Image quilting for texture synthesis and transfer},
 booktitle = {SIGGRAPH},
 year = {2001}
} 


@article{pr:JainF91,
  author    = {Anil K. Jain and
               Farshid Farrokhnia},
  title     = {Unsupervised texture segmentation using Gabor filters},
  journal   = {Pattern Recognition},
  volume    = {24},
  number    = {12},
  year      = {1991},
  pages     = {1167-1186},
  ee        = {http://dx.doi.org/10.1016/0031-3203(91)90143-S},
  bibsource = {DBLP, http://dblp.uni-trier.de}
}

@article{pr:ClausiJ00,
  author    = {David A. Clausi and
               M. Ed Jernigan},
  title     = {Designing Gabor filters for optimal texture separability},
  journal   = {Pattern Recognition},
  volume    = {33},
  number    = {11},
  year      = {2000},
  pages     = {1835-1849},
  ee        = {http://dx.doi.org/10.1016/S0031-3203(99)00181-8},
  bibsource = {DBLP, http://dblp.uni-trier.de}
}

@article{pr:Kim09,
title = "Colorâtexture segmentation using unsupervised graph cuts",
journal = "Pattern Recognition",
volume = "42",
number = "5",
pages = "735 - 750",
year = "2009",
note = "",
issn = "0031-3203",
doi = "10.1016/j.patcog.2008.09.031",
url = "http://www.sciencedirect.com/science/article/pii/S0031320308004111",
author = "Jong-Sung Kim and Ki-Sang Hong"
}

@InProceedings{MoorePWMJ08,
  author = {Alastair P Moore, Simon J D Prince, Jonathan Warrell, Umar Mohammed and Graham Jones},
  title = {Superpixel {L}attices},
  journal = {CVPR},
  year = {2008},
  volume = {},
  pages = {},
  url = {http://www.cs.ucl.ac.uk/staff/s.prince/Papers/SuperpixelLattices.pdf}
}

@inproceedings{Sidi:2011:siga,
 author = {Sidi, Oana and van Kaick, Oliver and Kleiman, Yanir and Zhang, Hao and Cohen-Or, Daniel},
 title = {Unsupervised co-segmentation of a set of shapes via descriptor-space spectral clustering},
 booktitle = {Proceedings of the 2011 SIGGRAPH Asia Conference},
 year = {2011},
 isbn = {978-1-4503-0807-6},
 location = {Hong Kong, China},
 pages = {126:1--126:10},
 articleno = {126},
 numpages = {10},
 url = {http://doi.acm.org/10.1145/2024156.2024160},
 doi = {10.1145/2024156.2024160},
 acmid = {2024160},
 publisher = {ACM},
 address = {New York, NY, USA},
 keywords = {co-segmentation, diffusion maps, shape correspondence, spectral clustering},
} 

@inproceedings{Vicente:cvpr06,
  author    = {Sara Vicente and
               Carsten Rother and
               Vladimir Kolmogorov},
  title     = {Object cosegmentation},
  booktitle = {CVPR},
  year      = {2011},
  pages     = {2217-2224},
  ee        = {http://dx.doi.org/10.1109/CVPR.2011.5995530},
  crossref  = {DBLP:conf/cvpr/2011},
  bibsource = {DBLP, http://dblp.uni-trier.de}
}

@inproceedings{Vicente:eccv10,
  author    = {Sara Vicente and
               Vladimir Kolmogorov and
               Carsten Rother},
  title     = {Cosegmentation Revisited: Models and Optimization},
  booktitle = {ECCV (2)},
  year      = {2010},
  pages     = {465-479},
  ee        = {http://dx.doi.org/10.1007/978-3-642-15552-9_34},
  crossref  = {DBLP:conf/eccv/2010-2},
  bibsource = {DBLP, http://dblp.uni-trier.de}
}

@inproceedings{Rother:cvpr06,
  author    = {Carsten Rother and
               Thomas P. Minka and
               Andrew Blake and
               Vladimir Kolmogorov},
  title     = {Cosegmentation of Image Pairs by Histogram Matching - Incorporating
               a Global Constraint into MRFs},
  booktitle = {CVPR (1)},
  year      = {2006},
  pages     = {993-1000},
  ee        = {http://doi.ieeecomputersociety.org/10.1109/CVPR.2006.91},
  crossref  = {DBLP:conf/cvpr/2006},
  bibsource = {DBLP, http://dblp.uni-trier.de}
}

@inproceedings{Joulin:cvpr10,
  author    = {Armand Joulin and
               Francis R. Bach and
               Jean Ponce},
  title     = {Discriminative clustering for image co-segmentation},
  booktitle = {CVPR},
  year      = {2010},
  pages     = {1943-1950},
  ee        = {http://dx.doi.org/10.1109/CVPR.2010.5539868},
  crossref  = {DBLP:conf/cvpr/2010},
  bibsource = {DBLP, http://dblp.uni-trier.de}
}


@inproceedings{Joulin:cvpr12,
  author    = {Armand Joulin and
               Francis Bach and
               Jean Ponce},
  title     = {Multi-class cosegmentation},
  booktitle = {CVPR},
  year      = {2012},
  pages     = {542-549},
  ee        = {http://doi.ieeecomputersociety.org/10.1109/CVPR.2012.6247719},
  crossref  = {DBLP:conf/cvpr/2012},
  bibsource = {DBLP, http://dblp.uni-trier.de}
}

@inproceedings{he:cvpr04,
  author    = {Xuming He and
               Richard S. Zemel and
               Miguel {\'A}. Carreira-Perpi{\~n}{\'a}n},
  title     = {Multiscale Conditional Random Fields for Image Labeling},
  booktitle = {CVPR (2)},
  year      = {2004},
  pages     = {695-702},
  ee        = {http://doi.ieeecomputersociety.org/10.1109/CVPR.2004.173},
  bibsource = {DBLP, http://dblp.uni-trier.de}
}

@inproceedings{shotton:eccv06,
  author    = {Jamie Shotton and
               John M. Winn and
               Carsten Rother and
               Antonio Criminisi},
  title     = {{\it TextonBoost}: Joint Appearance, Shape and Context
               Modeling for Multi-class Object Recognition and Segmentation},
  booktitle = {ECCV (1)},
  year      = {2006},
  pages     = {1-15},
  ee        = {http://dx.doi.org/10.1007/11744023_1},
  crossref  = {DBLP:conf/eccv/2006-1},
  bibsource = {DBLP, http://dblp.uni-trier.de}
}

@article{rother:sig04,
  author    = {Carsten Rother and
               Vladimir Kolmogorov and
               Andrew Blake},
  title     = {"GrabCut": interactive foreground extraction using iterated
               graph cuts},
  journal   = {ACM Trans. Graph.},
  volume    = {23},
  number    = {3},
  year      = {2004},
  pages     = {309-314},
  ee        = {http://doi.acm.org/10.1145/1015706.1015720},
  bibsource = {DBLP, http://dblp.uni-trier.de}
}

@article{gould:ijcv10,
year={2008},
issn={0920-5691},
journal={International Journal of Computer Vision},
volume={80},
issue={3},
doi={10.1007/s11263-008-0140-x},
title={Multi-Class Segmentation with Relative Location Prior},
url={http://dx.doi.org/10.1007/s11263-008-0140-x},
publisher={Springer US},
keywords={Multi-class image segmentation; Segmentation; Relative location},
author={Gould, Stephen and Rodgers, Jim and Cohen, David and Elidan, Gal and Koller, Daphne},
pages={300-316},
language={English}
}

@inproceedings{Li:sig04,
 author = {Li, Yin and Sun, Jian and Tang, Chi-Keung and Shum, Heung-Yeung},
 title = {Lazy snapping},
 booktitle = {ACM SIGGRAPH 2004 Papers},
 series = {SIGGRAPH '04},
 year = {2004},
 location = {Los Angeles, California},
 pages = {303--308},
 numpages = {6},
 url = {http://doi.acm.org/10.1145/1186562.1015719},
 doi = {10.1145/1186562.1015719},
 acmid = {1015719},
 publisher = {ACM},
 address = {New York, NY, USA},
 keywords = {Graph Cut, Image Cutout, Interactive Image Segmentation, User Interface},
} 



@article{Barbu_SWC,
  author    = {Adrian Barbu and
               Song Chun Zhu},
  title     = {Generalizing Swendsen-Wang to Sampling Arbitrary Posterior
               Probabilities},
  journal   = {PAMI},
  volume    = {27},
  number    = {8},
  year      = {2005},
  pages     = {1239-1253},
}

@article{LHI_Dataset,
 author = {Benjamin Yao and Xiong Yang and Song Chun Zhu.},
 title = {Introduction to a large scale general purpose ground truth dataset: methodology, annotation tool, and benchmarks},
 journal = {EMMCVPR},
 year = {2007},
 }

 @article{Wu_AB,
   author = {Wu, Yingnian and Si, Zhangzhang and Gong, Haifeng and Zhu, Song-Chun},
   title = {Learning Active Basis Model for Object Detection and Recognition},
   year = {2009},
   volume = {Epub ahead},
   journal = {IJCV},
   doi = {10.1007/s11263-009-0287-0},
}

@InProceedings{Fergus_Unsupervised,
	author = "Fergus, R. and Perona, P. and Zisserman, A.",
        title = "Object Class Recognition by Unsupervised Scale-Invariant Learning",
        booktitle = cvpr,
	pages = "264--271",
        volume = "2",	
        year = 2003,
}

@InProceedings{Sivic_DiscoverObj,
   author = "Sivic, J. and Russell, B.~C. and Efros, A.~A. and Zisserman, A. and Freeman, W.~T.",
   title = "Discovering Object Categories in Image Collections",
   booktitle = iccv,
   year = "2005",
}

@article{Weber_DiscoverObj,
author = {M. Weber and M. Welling and P. Perona},
title = {Towards Automatic Discovery of Object Categories},
journal = cvpr,
volume = {2},
year = {2000},
issn = {1063-6919},
pages = {2101},
}

@inproceedings{Kim_Unsupervised,
 author = {Kim, Gunhee and Faloutsos, Christos and Hebert, Martial},
 title = {Unsupervised modeling and recognition of object categories with combination of visual contents and geometric similarity links},
 booktitle = {ACM MIR},
 year = {2008},
 pages = {419--426},
 }

 @inproceedings{Liu_TopicModel,
  author    = {David Liu and
               Tsuhan Chen},
  title     = {Unsupervised Image Categorization and Object Localization
               using Topic Models and Correspondences between Images},
  booktitle = iccv,
  year      = {2007},
  pages     = {1-7},
}

@article{Waydo_Unsupervised,
 author = {Waydo, Stephen and Koch, Christof},
 title = {Unsupervised learning of individuals and categories from images},
 journal = {Neural Comput.},
 volume = {20},
 number = {5},
 year = {2008},
 pages = {1165--1178},
 }

@article{Goldberger_UnsupervisedImgSet,
  author    = {Jacob Goldberger and
               Shiri Gordon and
               Hayit Greenspan},
  title     = {Unsupervised image-set clustering using an information theoretic
               framework},
  journal   = {IEEE Transactions on Image Processing},
  volume    = {15},
  number    = {2},
  year      = {2006},
  pages     = {449-458},
}

@inproceedings{Simon_SceneSummarization,
  author    = {Ian Simon and
               Noah Snavely and
               Steven M. Seitz},
  title     = {Scene Summarization for Online Image Collections},
  booktitle = iccv,
  year      = {2007},
  pages     = {1-8},
}

@inproceedings{Frey_AffinityPropagation,
  author    = {Delbert Dueck and Brendan J. Frey},
  title     = {Non-metric affinity propagation for unsupervised image categorization},
  booktitle = iccv,
  year      = {2007},
}

@article{Frey_AffinityPropagationScience,
    author = "Brendan J. Frey and Delbert Dueck",
    title = "Clustering by Passing Messages Between Data Points",
    journal = "Science",
    year = "2007",
}

@article{comp:ijcv09,
   author = "Tuytelaars, T and Lampert, C.~H. and Blaschko, M.~B. and Buntine, W.",
   title = "Unsupervised Object Discovery: A Comparison",
   journal = "IJCV",
   year = "2009",
}


@article{Lowe_SIFT,
 author = {Lowe, David G.},
 title = {Distinctive Image Features from Scale-Invariant Keypoints},
 journal = {IJCV},
 volume = {60},
 number = {2},
 year = {2004},
 pages = {91--110},
 }

@article{Dalal_HoG,
author = {Navneet Dalal and Bill Triggs},
title = {Histograms of Oriented Gradients for Human Detection},
journal = "CVPR",
volume = {1},
year = {2005}
}

@inproceedings{Jianxin_PACT,
  author    = {Jianxin Wu and
               James M. Rehg},
  title     = {Where am I: Place instance and category recognition using
               spatial PACT},
  booktitle =  cvpr,
  year      = {2008},
}

@inproceedings{Tang_NonnegativeMatrix,
 author = {Tang, Jiayu and Lewis, Paul H.},
 title = {Non-negative matrix factorisation for object class discovery and image auto-annotation},
 booktitle = {CIVR},
 year = {2008},
 pages = {105--112},
 }

@inproceedings{Grauman:cvpr06,
 author = {Grauman, Kristen and Darrell, Trevor},
 title = {Unsupervised Learning of Categories from Sets of Partially Matching Image Features},
 booktitle =  "CVPR"
}

@article{Feifei_OneShot,
 author = {Fei-Fei Li and Fergus Rob and Perona Pietro},
 title = {One-Shot Learning of Object Categories},
 journal = {PAMI},
 volume = {28},
 number = {4},
 year = {2006},
 pages = {594-611},
}
@article{Feifei06,
 author = {Fei-Fei Li and Fergus Rob and Perona Pietro},
 title = {One-Shot Learning of Object Categories},
 journal = {PAMI},
 volume = {28},
 number = {4},
 year = {2006},
 pages = {594-611},
}

@article{Bosch_Hybrid,
 author = {Bosch, Anna and Zisserman, Andrew and Mu\~noz, Xavier},
 title = {Scene Classification Using a Hybrid Generative/Discriminative Approach},
 journal = {PAMI},
 volume = {30},
 number = {4},
 year = {2008},
 pages = {712--727},
}

MISC{Vogel06internationaljournal,
    author = {Julia Vogel and Bernt Schiele},
    title = {International Journal of Computer Vision c ?? 2006 Springer Science + Business Media, LLC. Manufactured in The Netherlands. DOI: 10.1007/s11263-006-8614-1 Semantic Modeling of Natural Scenes for Content-Based Image Retrieval},
    year = {2006}
}

@INPROCEEDINGS{Rogowitz98perceptualimage,
    author = {Bernice E. Rogowitz and Thomas Frese and Johnr. Smith and Charles A. Bouman and Edward Kalin},
    title = {Perceptual image similarity experiments},
    booktitle = {SPIE Conference on Human Vision and Electronic Imaging},
    year = {1998},
    pages = {576--590}
}

@inproceedings{lazebnik:cvpr06,
    author = {Lazebnik, S. and Schmid, C. and Ponce, J.},
    booktitle =  "CVPR",
    title = {Beyond Bags of Features: Spatial Pyramid Matching for Recognizing Natural Scene Categories.},
    year = {2006}
}

@inproceedings{Wu08,
    author = {Wu, J. X.  and James, M. Rehg},
    booktitle =  cvpr,
    title = {Where am I: Place instance and category recognition using spatial PACT.},
    year = {2008}
}

@inproceedings{Boiman_CVPR_2008,
    author = {Boiman, Oren and Shechtman, Eli and Irani, Michal},
    booktitle =  "CVPR",
    title = {In Defense of Nearest-Neighbor Based Image Classification.},
    year = {2008}
}


@article{tiny08,
    author = {Torralba, Antonio and Fergus, Rob and Freeman, William T.},
    booktitle = {Pattern Analysis and Machine Intelligence, IEEE Transactions on},
    journal = {TPAMI},
    pages = {1958--1970},
    title = {80 Million Tiny Images: A Large Data Set for Nonparametric Object and Scene Recognition},
    volume = {30},
    year = {2008}
}

@article{sparseface08,
    author = {Wright, J. and Yang, A. Y. and Ganesh, A. and Sastry, S. S. and Ma, Yi},
    booktitle = {Pattern Analysis and Machine Intelligence, IEEE Transactions on},
    journal = {TPAMI},
    month = {April},
    pages = {210--227},
    title = {Robust Face Recognition via Sparse Representation},
    volume = {31},
    year = {2008}
}

@inproceedings{yang:cvpr09,
    author = {Jianchao Yang, Kai Yu, Yihong Gong, Thomas Huang.},
    booktitle =  "CVPR",
    title = {Spatial Pyramid Matching Using Sparse Coding for Image Classification.},
    year = {2009}
}


@inproceedings{xiaobai09,
  author = {Xiaobai Liu and Bin Cheng and Shuicheng Yan and Jinhui Tang and Tat-Seng Chua and Hai Jin},
  booktitle = {ACM Multimedia},
  title = {Label to region by bi-layer sparsity priors.},
  year = {2009},
}

@inproceedings{SIS09,
    author = {Cheng, H. and Liu, Z.  and Yang, J.},
    booktitle = iccv,
		title = {Kernel Codebooks for Scene Categorization},
    title = {Sparsity Induced Similarity Measure for Label Propagation.},
    year = {2009}
}

@inproceedings{Yanshuichen09,
    author = {Changhu Wang, Shuicheng Yan, Lei Zhang, Hong-Jiang Zhang},
    booktitle = cvpr,
    title = {Multi-Label Sparse Coding for Automatic Image Annotation.},
    year = {2009}
}

@inproceedings{FeiFei05,
    author = {L. Fei-Fei and P. Perona},
    booktitle = cvpr,
    title = {A bayesian hierarchical model for learning natural scene categories.},
    year = {2005}
}


@article{human97,
    author = {Olshausen, Bruno A. and Field, David J.},
    journal = {Vision Research},
    month = {December},
    number = {23},
    pages = {3311--3325},
    title = {Sparse coding with an overcomplete basis set: A strategy employed by V1?.},
    volume = {37},
    year = {1997}
}

@ARTICLE{l104,
    author = {David L. Donoho},
    title = {For Most Large Underdetermined Systems of Linear Equations the Minimal $\ell$1-norm Solution is also the Sparsest Solution},
    journal = {Comm. Pure Appl. Math},
    year = {2004},
    volume = {59},
    pages = {797--829}
}

@article{gist,
    author = {Oliva, Aude and Torralba, Antonio},
    journal = {IJCV},
    title = {Modeling the Shape of the Scene: A Holistic Representation of the Spatial Envelope},
    year = {2001}, 
    pages={145-175},
    volume={42},
    number={3}
}

@article{sift,
    author = {Lowe, David G.},
    booktitle = {International Journal of Computer Vision},
    journal = {IJCV},
    month = {Nov.,},
    number = {2},
    pages = {91--110},
    title = {Distinctive Image Features from Scale-Invariant Keypoints},
    volume = {60},
    year = {2004}
}

@InProceedings{ZZSi_UID,
	author = "Zhangzhang Si and Haifeng Gong and Ying Nian Wu and Song-Chun Zhu",
        title = "Learning mixed image templates for object recognition",
        booktitle =  cvpr,
        year = 2009,
}

}

@inproceedings{LiSuLimFeiFei,
author = {Li-Jia Li, Hao Su, Yongwhan Lim and Li Fei-Fei},
title = {Objects as Attributes for Scene Classification},
booktitle = {ECCV, International Workshop on Parts and Attributes},
year = {2010}
}


@InProceedings{LiSocherFeiFei2009,
  title= "Towards Total Scene Understanding:Classification, Annotation and Segmentation in an Automatic Framework",
  author="Li, L-J. and Socher, R. and Fei-Fei, L.",
  booktitle=  cvpr,
  year={2009}
}

@InProceedings{feifei-cvpr05,
  title={A Bayesian Hierarchical Model for Learning Natural Scene Categories},
  author={Li. Fei-Fei and P. Perona},
  booktitle= cvpr,
  year={2005}
}

@InProceedings{Context-based-object-recognition,
  title= "Context-based vision system for place and object recognition",
  author="Torralba, A. and Murphy, K.P. and  Freeman, W.T. and   Rubin, M.A.",
  booktitle= iccv,
  year={2003}
}

@InProceedings{Dense-interest-point,
  title= "Dense Interest Points",
  author="Tinne Tuytelaars",
  booktitle=  cvpr,
  year={2010}
}
@InProceedings{SUN,
  title= "SUN Database Large-scale Scene Recognition from Abbey to Zoo",
  author="Jianxiong Xiao and James Hays and Krista A. Ehinger and  Aude Oliva and Antonio Torralba",
  booktitle=  cvpr,
  year={2010}
}

@InProceedings{SVM-KNN,
  title= "Svm-knn: Discriminative nearest neighbor classification for visual category recognition",
  author="H. Zhang, A. Berg, M. Maire, and J. Malik",
  booktitle=  cvpr,
  year={2006}
}

@InProceedings{Three-layer,
  title= "Three-layer Spatial Sparse Coding for Image Classification",
  author="Dengxin Dai and Wen Yang and Tianfu Wu",
  booktitle= "ICPR",
  year={2010}
}

@InProceedings{Indoor,
  title= "Recognizing Indoor Scenes",
  author="Ariadna Quattoni and Antonio Torralba",
  booktitle=  "CVPR",
  year={2009}
}

@InProceedings{Linear-Sparse-Coding,
  title= "Linear Spatial Pyramid Matching Using Sparse Coding for Image Classification",
  author="Jianchao Yang, Kai Yu, Yihong Gong, and Thomas Huang",
  booktitle=  "CVPR",
  year={2009}
}

@InProceedings{Samping-Bag-of-words,
  title= "Sampling Strategies for Bag-of-Features Image Classification",
  author="Eric Nowak, and Fr\'ed\'eric Jurie1, and Bill Triggs",
  booktitle= "ECCV",
  year={2006}
}

@InProceedings{Kernel-codebooks,
  title= "Kernel Codebooks for Scene Categorization",
  author="Jan C. van Gemert, Jan-Mark Geusebroek, Cor J. Veenman, and Arnold W.M. Smeulders",
  booktitle= "ECCV",
  year={2008}
}

@incollection{can-help,
   author = "Santosh Kumar Divvala and Alexei A. Efros and Martial Hebert",
   title = "Can Similar Scenes help Surface Layout Estimation?",
   booktitle = "CVPR Workshop on Internet Vision",
   month = "June",
   year = "2008",
}

@inproceedings{VISU09_0020,
 author = "Bangpeng Yao, Juan~Carlos Niebles and Li Fei-Fei",
 title = "Mining Discriminative Adjectives and Prepositions for Natural Scene Recognition",
 booktitle = "International Workshop on Visual Scene Understanding (ViSU)",
 year = "2009",
 month = "June",
 address = "Miami, USA"
}

@article{stage-model,
    author = {Nedovi\`c, V. and Smeulders, A.W.M. and Redert, A. and Geusebroek, J.-M.;},
    journal = {PAMI},
    number = {9},
    pages = {1673-1687},
    title = {Stages as Models of Scene Geometry},
    volume = {32},
    year = {2010 }
}

@article{Semantic-modeling,
    author = {Julia Vogel1, and Bernt Schiele},
    journal = {IJCV},
    number = {2},
    pages = {133-157},
    title = {Semantic Modeling of Natural Scenes for Content-Based Image Retrieval},
    volume = {72},
    year = {2007 }
}


@inproceedings{Configuration1997,
 author = "P. Lipson, and E. Grimson, and P. Sinha",
 title = "Configuration Based Scene Classification and Image Indexing",
 booktitle =  cvpr,
 year = "1997"
}
@inproceedings{Roles2010,
 author = "Devi Parikh, and C. Lawrence Zitnick",
 title = "The Role of Features, Algorithms and Data in Visual Recognition",
 booktitle =  cvpr,
 year = "2010"
}

@inproceedings{texton-forests,
 author = "Shotton, J.; Johnson, M.;  Cipolla, R.; R&D Center, Toshiba Corp., Kawasaki",
 title = "Semantic texton forests for image categorization and segmentation",
 booktitle =  "CVPR",
 year = "2008"
}


@ARTICLE{local-survey,
    author = {Tinne Tuytelaars and Krystian Mikolajczyk},
    title = {Local invariant feature detectors: A survey},
    journal = {FnT Comp. Graphics and Vision},
    year = {2008},
    pages = {177--280}
}


@inproceedings{Scene-prior-segmentation,
 author = "Alastair P. Moore and  Simon J. D. Prince and Jonathan Warrell and Umar Mohammed",
 title = "Scene Shape Priors for Superpixel Segmentation",
 booktitle = iccv,
 year = "2009"
}


@INPROCEEDINGS{in-outdoorimage,
    author = {Martin Szummer and Rosalind W. Picard},
    title = {Indoor-Outdoor Image Classification},
    booktitle = iccv,
    year = {1998}
}


@INPROCEEDINGS{SClustering_limitation_NIPS07,
    author = {Boaz Nadler and Meirav Galun},
    title = {Fundamental Limitations of Spectral Clustering},
    booktitle = {NIPS},
    year = {2007}
}


@INPROCEEDINGS{ dai:cvpr10,
AUTHOR = "Dengxin Dai and Tianfu Wu and Song Chun Zhu",
TITLE = "Discovering scene categories by information projection and cluster sampling.",
booktitle =  "CVPR",
YEAR = {2010}  }

@article{clustering_review,
    address = {New York, NY, USA},
    author = {Jain, A. K. and Murty, M. N. and Flynn, P. J.},
    citeulike-article-id = {83751},
    citeulike-linkout-0 = {http://portal.acm.org/citation.cfm?id=331504},
    citeulike-linkout-1 = {http://dx.doi.org/10.1145/331499.331504},
    doi = {10.1145/331499.331504},
    issn = {0360-0300},
    journal = {ACM Comput. Surv.},
    keywords = {clustering, data},
    month = sep,
    number = {3},
    pages = {264--323},
    posted-at = {2006-05-01 08:12:03},
    priority = {0},
    publisher = {ACM},
    title = {{Data clustering: a review}},
    url = {http://dx.doi.org/10.1145/331499.331504},
    volume = {31},
    year = {1999}
}

@INPROCEEDINGS{ Sun_2010,
AUTHOR = "Xiao, J and Hays, J and Ehinger, K A and Oliva, A and Torralba, A",
TITLE = "SUN database: Large-scale scene recognition from abbey to zoo.",
booktitle =  cvpr,
YEAR = {2010}  }

@INPROCEEDINGS{Grauman06,
AUTHOR = "Grauman, K and Darrell, T",
TITLE = "Unsupervised Learning of Categories from Sets of Partially Matching Image Features",
booktitle = cvpr,
YEAR = {2006}  
}


@techreport{Caltech-256,
Author = {G. Griffin and A. Holub and P. Perona},
Title = {Caltech-256 Object Category Dataset},
Institution = {California Institute of Technology},
    Year = {2007},
    URL = {http://authors.library.caltech.edu/7694},
    Number = {7694}
}


@article{spectral-clustering-reveiw, title={A survey of kernel and spectral methods for clustering}, 
volume={41}, url={http://dx.doi.org/10.1016/j.patcog.2007.05.018}, number={1}, journal={Pattern Recognition}, 
publisher={Elsevier}, author={Filippone, M and Camastra, F and Masulli, F and Rovetta, S}, year={2008}, pages={176--190}}

@article{self-turning_2004, title={Self-Tuning Spectral Clustering}, volume={2},
 url={http://citeseerx.ist.psu.edu/viewdoc/download?doi=10.1.1.84.7940&rep=rep1&type=pdf}, 
number={1601-1608}, journal={Advances in neural information processing systems}, 
publisher={Citeseer}, author={Zelnik-Manor, Lihi and Perona, Pietro}, year={2004}, pages={1601--1608}}

@article{Malik_2000, title={Normalized cuts and image segmentation}, 
journal={TPAMI}, author={Jianbo Shi and Jitendra Malik}, year={2000}}

@article{bagging_1996, 
title={Bagging predictors}, 
journal={ML}, 
author={Breiman, Leo},
year={1996}}


@INPROCEEDINGS{Gomes:nips10, 
	title={Discriminative Clustering by Regularized Information Maximization}, 
	booktitle={NIPS}, 
	author={Gomes, Ryan and Krause, Andreas and Perona, Pietro}, 
	year={2010}
}

@article{boosting_overview_2003, title={The Boosting Approach to Machine Learning An Overview}, 
 journal={MSRI Workshop on Nonlinear Estimation and Classification}, publisher={Springer}, 
author={Schapire, Robert E}, year={2003}, pages={1--23}}

@article{randomforest, title={Random forest}, volume={45},
number={1}, journal={MACH LEARN}, author={Breiman, Leo}, year={2001}, pages={5-32}}

@article{Weber_Welling_Perona_2000, title={Towards Automatic Discovery of Object Categories}, 
volume={2}, url={http://ieeexplore.ieee.org/xpls/abs_all.jsp?arnumber=854754}, number={1063}, 
journal={Electrical Engineering}, publisher={IEEE Comput. Soc}, author={Weber, M and Welling, M and Perona, P}, 
year={2000}, 
pages={101--108}}


@article{Todorovic_Ahuja_2008, 
	title={Unsupervised category modeling, recognition, and segmentation in images.}, 
	volume={30}, url={http://www.ncbi.nlm.nih.gov/pubmed/18988949}, number={12}, 
	journal={IEEE Transactions on Pattern Analysis and Machine Intelligence}, 
	publisher={Published by the IEEE Computer Society}, 
	author={Todorovic, Sinisa and Ahuja, Narendra}, year={2008}, pages={2158--2174}}

@article{Sudderth_Torralba_Freeman_Willsky_2007, 
title={Describing Visual Scenes Using Transformed Objects and Parts}, 
volume={77}, url={http://www.springerlink.com/index/10.1007/s11263-007-0069-5}, number={1-3}, 
journal={International Journal of Computer Vision}, publisher={Kluwer Academic Publishers}, 
author={Sudderth, Erik B and Torralba, Antonio and Freeman, William T and Willsky, Alan S}, 
year={2007}, pages={291--330}}

@article{Goldberger_Gordon_Greenspan_2006, 
title={Unsupervised image-set clustering using an information theoretic framework.}, 
volume={15}, url={http://www.ncbi.nlm.nih.gov/pubmed/16479815}, number={2}, 
journal={IEEE Transactions on Image Processing}, 
author={Goldberger, Jacob and Gordon, Shiri and Greenspan, Hayit}, 
year={2006}, pages={449--458}}

@article{Waydo_Koch_2008, 
title={Unsupervised learning of individuals and categories from images.}, 
volume={20}, url={http://www.ncbi.nlm.nih.gov/pubmed/18194101}, number={5}, 
journal={Neural Computation}, publisher={MIT Press}, 
author={Waydo, Stephen and Koch, Christof}, year={2008}, 
pages={1165--1178}}

@article{liblinear, 
title={LIBLINEAR: A library for large linear classification}, 
volume={9}, url={http://portal.acm.org/citation.cfm?id=1442794}, number={6/1/2008}, 
journal={JMLR}, publisher={MIT Press Cambridge, MA, USA}, 
author={Fan, Rong-En and Chang, K W and Hsieh, C J and Wang, X R and Lin, C J}, 
year={2008}, pages={1871--1874}}

@inproceedings{Hog, 
title={Histograms of Oriented Gradients for Human Detection}, volume={1}, url={http://eprints.pascal-network.org/archive/00000802/}, number={3}, 
booktitle = cvpr,
publisher={Ieee}, author={Dalal, Navneet and Triggs, William}, 
year={2004}, pages={886--893}}


@InProceedings{Russell06,
  author       = "Russell, B.~C. and Efros, A.~A. and Sivic, J. and Freeman, W.~T. and Zisserman, A.",
  title        = "Using Multiple Segmentations to Discover Objects and Their Extent in Image Collections",
  booktitle    = cvpr,
  year         = "2006"
}

@article{Liu_Chen_2007, title={A Topic-Motion Model for Unsupervised Video Object Discovery},
 url={http://ieeexplore.ieee.org/lpdocs/epic03/wrapper.htm?arnumber=4270245}, 
journal={2007 IEEE Conference on Computer Vision and Pattern Recognition}, 
publisher={Ieee}, 
author={Liu, David and Chen, Tsuhan}, 
year={2007}, pages={1--8}}


@inproceedings{Kim_2008_6030,
   author = "Gunhee Kim and Christos Faloutsos and Martial Hebert",
   title = "Unsupervised Modeling of Object Categories Using Link Analysis Techniques",
   booktitle = cvpr,
   year = "2008"
}

@article{Frey_Dueck_2007, title={Clustering by passing messages between data points.},
 volume={315}, url={http://www.ncbi.nlm.nih.gov/pubmed/17218491}, number={5814},
 journal={Science}, publisher={AAAS}, 
author={Frey, Brendan J and Dueck, Delbert},
 year={2007}, pages={972--976}}

@article{Wang_Grimson_2008, title={Spatial Latent Dirichlet Allocation}, 
volume={20}, url={http://people.csail.mit.edu/xgwang/papers/STLDA.pdf}, 
journal={Advances in Neural Information Processing Systems NIPS}, publisher={Citeseer}, 
author={Wang, Xiaogang and Grimson, Eric}, 
year={2008}, pages={1--8}}


@InProceedings{FeiFei2004,
  author =       "Fei-Fei, L. and Fergus, R. and Perona, P.",
  title =        "Learning generative visual models from few training examples: an incremental {B}ayesian approach tested on 101 object categories.",
  booktitle =    {Workshop on Generative-Model Based Vision},
  year =         {2004},
}

@INPROCEEDINGS{event8,
  AUTHOR =       "Li, L.-J. and Fei-Fei, L.",
  TITLE =        "What, where and who? Classifying event by scene and object recognition.",
  BOOKTITLE =    iccv,
  YEAR =         "2007",
}

@INPROCEEDINGS{On-SClustering,
  AUTHOR =       "Ng, Andrew Y. and Jordan, Michael I. and Weiss, Yair",
  TITLE =        "On spectral clustering: Analysis and an algorithm",
  BOOKTITLE =    "NIPS",
  YEAR =         "2001",
}

@article{flickr:material,
  title={Material perception: What can you see in a brief glance?},
  author={Sharan, Lavanya and Rosenholtz, Ruth and Adelson, Edward},
  journal={Journal of Vision},
  volume={9},
  number={8},
  pages={784--784},
  year={2009}
}



@INPROCEEDINGS{Xu05unsupervisedand,
    author = {L. Xu and D. Schuurmans},
    title = {Unsupervised and semi-supervised multi-class support vector machines},
    booktitle = {AAAI},
    year = {2005}
}

@article{Bagged_Clustering,
    author = {Friedrich Leisch},
    title = {Bagged Clustering},
    journal = {Working Paper Series},
    year = {1999}
}

@article{Bagging_Clustering_2003, title={Bagging to improve the accuracy of a clustering procedure}, volume={19}, 
url={http://www.bioinformatics.oupjournals.org/cgi/doi/10.1093/bioinformatics/btg038}, number={9}, journal={Bioinformatics}, 
publisher={Oxford Univ Press}, author={Dudoit, Sandrine and Fridlyand, Jane}, year={2003}, pages={1090--1099}}
@article{Cluster_ensembles, title={Cluster ensembles---a knowledge reuse framework for combining multiple partitions},
 journal={JMLR}, author={Strehl, A and Ghosh, J}, year={2003}}

@inproceedings{Amir_boosting,
   author = "A. Saffari and H. Bischof",
   title = "Clustering in a Boosting Framework",
   booktitle = "Proc. of Computer Vision Winter Workshop",
   year = "2007"
}

@article{boosting_review,
  author = {Friedman, J. and Hastie, T. and Tibshirani, R.},
  journal = {The Annals of Statistics},
  title = {{Additive Logistic Regression: a Statistical View of Boosting}},
  year = {2000}
}


@inproceedings{Bosch:iccv07, 
author = {Anna Bosch and Andrew Zisserman and Xavier MuÃ±oz},
title={Image classification using random forests and ferns}, 
 booktitle = "ICCV",
   year = "2007"
}

@INPROCEEDINGS{Krogh95neuralnetwork,
    author = {Anders Krogh and Jesper Vedelsby},
    title = {Neural Network Ensembles, Cross Validation, and Active Learning},
    booktitle = {NIPS},
    year = {1995}
}

@ARTICLE{lbp,
author={Ojala, T. and Pietikainen, M. and Maenpaa, T.},
journal={TPAMI},
title={Multiresolution gray-scale and rotation invariant texture classification with local binary patterns},
year={2002},
volume={24},
number={7},
pages={971-987}}


@INPROCEEDINGS{Curriculum_learning, 
author = {Bengio, Yoshua and Louradour, J\'{e}r\^{o}me and Collobert, Ronan
	and Weston, Jason},
	title={Curriculum learning}, 
	booktitle={ICML},author={Bengio, Y. and Louradour, J. and Collobert, R. and Weston, J.},
  year={2009}
}

@INPROCEEDINGS{Bengio09, 
	title={Curriculum learning}, 
	booktitle=icml,
	author={Bengio, Y. and Louradour, J. and Collobert, R. and Weston, J.},
  year={2009}
}

@InProceedings{Sivic08,
  author       = "Sivic, J. and Russell, B.~C. and Zisserman, A. and Freeman, W.~T. and Efros, A.~A.",
  title        = "Unsupervised Discovery of Visual Object Class Hierarchies",
  booktitle    = cvpr,
  year         = "2008",
}

@InProceedings{Sivic05b,
  author       = "Sivic, J. and Russell, B.~C. and Efros, A.~A. and Zisserman, A. and Freeman, W.~T.",
  title        = "Discovering objects and their location in images",
  booktitle    = "ICCV",
  year         = "2005",
}

@inproceedings{Liu07,
  author    = {David Liu and
               Tsuhan Chen},
  title     = {Unsupervised Image Categorization and Object Localization
               using Topic Models and Correspondences between Images},
  booktitle = iccv,
  year      = {2007},
  pages     = {1-7},
}
@Article{Prest11,
  author = {A. Prest and C. Schmid and and V. Ferrari},
  title = {Weakly supervised learning of interactions between humans and objects},
  journal = pami,
  year = {2011},
  month = {July},
  pages = {},
  volume = {},
  number = {},
  keywords = {Action Recognition, Weakly Supervised Learning, Object Detection},
  note = {in press}
}

@InProceedings{Alexe10,
  author = {B. Alexe and T. Deselaers and V. Ferrari},
  title = {ClassCut for Unsupervised Class Segmentation},
  booktitle = eccv,
  year = {2010},
  month = {September},
  keywords = {}
}
 
@InProceedings{Fergus03,
	author = "Fergus, R. and Perona, P. and Zisserman, A.",
        title = "Object Class Recognition by Unsupervised Scale-Invariant Learning",
        booktitle = cvpr,
	pages = "264--271",
        volume = "2",	
        year = 2003,
}
@ARTICLE{Ahuja07,
  author = {N. Ahuja and S. Todorovic},
  title = {Learning the Taxonomy and Models of Categories Present in Arbitrary
	Images},
  journal = iccv,
  year = {2007},
  volume = {0},
  pages = {1-8},
  address = {Los Alamitos, CA, USA},
  doi = {http://doi.ieeecomputersociety.org/10.1109/ICCV.2007.4409039},
  isbn = {978-1-4244-1630-1},
  publisher = {IEEE Computer Society}
}

@INPROCEEDINGS{Schweighofer04a,
  AUTHOR = {G. Schweighofer and A. Opelt and A. Pinz},
  BOOKTITLE = {Proc. Int. Workshop on Learning for Adaptable Visual
                  Systems LAVS'04},
  TITLE = {Improved object categorization by unsupervised
                  object localization},
  EMAIL = {mailto:publications@emt.tugraz.at?subject=Paper
                  request schweighofer2004a},
  MONTH = {August},
  YEAR = {2004}
}

@INPROCEEDINGS{Harel01onclustering,
    author = {David Harel and Yehuda Koren},
    title = {On Clustering Using Random Walks},
    booktitle = {Foundations of Software Technology and Theoretical Computer Science 2245},
    year = {2001}
}

@INPROCEEDINGS{Fergus09,
    author = {R. Fergus and Y. Weiss and A. Torralba},
    title = {Semi-supervised Learning in Gigantic Image Collections},
    booktitle = {NIPS},
    year = {2009}
}

@inproceedings{deselaers10eccv,
 author = "Deselaers, T. and Alexe, B. and Ferrari, V.",
 title  = "Localizing Objects while Learning Their Appearance",
 booktitle = eccv,
 year = 2010
}

@InProceedings{blaschko10nips,
  author       = {Blaschko, Matthew B. and Vedaldi, Andrea and
                  Zisserman, Andrew},
  title        = {Simultaneous Object Detection and Ranking with Weak
                  Supervision},
  booktitle    = nips,
  year         = 2010,
}

@InProceedings{Lee11cvpr,
  author       = {Y. J. Lee and K. Grauman},
  title        = {Learning the Easy Things First: Self-Paced Visual Category Discovery},
  booktitle    = {CVPR},
  year         = 2011,
}
@book{Bishop06,
 author = {Bishop, Christopher M.},
 title = {Pattern Recognition and Machine Learning (Information Science and Statistics)},
 year = {2006},
 isbn = {0387310738},
 publisher = {Springer-Verlag New York, Inc.},
 address = {Secaucus, NJ, USA},
} 


@INPROCEEDINGS{dietterich_00,
   author = {Thomas G. Dietterich},
   title = {Ensemble Methods in Machine Learning},
   booktitle = {international workshop on multiple classifier systems},
   year = {2000}
}


@inproceedings{objectbank:eccv10,
author = {Li-Jia Li, Hao Su, Yongwhan Lim and Li Fei-Fei},
title = {Objects as Attributes for Scene Classification},
booktitle = {European Conference of Computer Vision (ECCV), International Workshop on Parts and Attributes},
year = {2010},
month = {September},
address = {Crete, Greece}
}

@inproceedings{Singh:eccv12,
  author = {Saurabh Singh and Abhinav Gupta and Alexei A. Efros},
  title = {Unsupervised Discovery of Mid-level Discriminative Patches},
  booktitle={ECCV},
  year = {2012},
  eprint= {1205.3137},
  archivePrefix = {arXiv},
  primaryClass = {cs.CV},
  url = {http://arxiv.org/abs/1205.3137},
}

@InProceedings{dai:eccv12,
  author = {D. Dai and M. Prasad and C. Leistner and L. Van Gool},
  title = {Ensemble Partitioning for Unsupervised Image Categorization},
  booktitle = {ECCV},
  year = {2012},
  keywords = {}
}

@inproceedings{fakton:eccv12,
  author    = {Alon Faktor and
               Michal Irani},
  title     = {"Clustering by Composition" - Unsupervised Discovery of
               Image Categories},
  booktitle = {ECCV},
  year      = {2012}
}

@INPROCEEDINGS{xu:nips05,
    author = {Linli Xu and James Neufeld and Bryce Larson and Dale Schuurmans},
    title = {Maximum margin clustering},
    booktitle = {NIPS},
    year = {2005}
}

@incollection{Gomes:nips11,
 title ={Crowdclustering},
 author={Ryan G. Gomes and Peter Welinder and Andreas Krause and Pietro Perona},
 booktitle = {Advances in Neural Information Processing Systems 24},
 editor = {J. Shawe-Taylor and R.S. Zemel and P. Bartlett and F.C.N. Pereira and K.Q. Weinberger},
 pages = {558--566},
 year = {2011}
}

@article{Chen_2010, title={Parallel Spectral Clustering in Distributed Systems.}, 
 journal={PAMI}, author={Chen, Wen-Yen and Song, Yangqiu and Bai, Hongjie and Lin, Chih-Jen and Chang, Edward Y},
year={2010}}

@article{Jain:prl10,
 author = {Jain, Anil K.},
 title = {Data clustering: 50 years beyond K-means},
 journal = {Pattern Recogn. Lett.},
 issue_date = {June, 2010},
 volume = {31},
 number = {8},
 month = jun,
 year = {2010},
 issn = {0167-8655},
 pages = {651--666},
 numpages = {16},
 url = {http://dx.doi.org/10.1016/j.patrec.2009.09.011},
 doi = {10.1016/j.patrec.2009.09.011},
 acmid = {1755654},
 publisher = {Elsevier Science Inc.},
 address = {New York, NY, USA},
 keywords = {Data clustering, Historical developments, King-Sun Fu prize, Perspectives on clustering, User's dilemma},
} 





%texture 

@article{Park:2006:DSI,
    title = "Discrete Sibson interpolation",
    author = "S. W. Park and L. Linsen and O. Kreylos and J. D. Owens and B. Hamann",
    journal = "IEEE Transactions on Visualization and Computer Graphics",
    volume = "12",
    number = "2",
    month = mar # "\slash " # apr, 
    year = "2006",
    pages = "243--253",
  }

@article{Pellacini:2005:LAH,
  author = "Fabio Pellacini and Kiril Vidim{\v{c}}e and Aaron Lefohn
      and Alex Mohr and Mark Leone and John Warren",
  title = "Lpics: a Hybrid Hardware-Accelerated Relighting
    Engine for Computer Cinematography",
  year = "2005",
  month = aug,
  journal = "ACM Transactions on Graphics",
  volume = "24",
  number = "3",
  pages = "464--470",
}

@misc{notes2002,
  author = {H. Landis},
  title = {Global Illumination in Production},
  howpublished = {ACM SIGGRAPH 2002 Course \#16 Notes},
  month = {July},
  year = {2002}
}

@inproceedings{Jobs95,
  author    = {Daniel J Jobson and {Zia-ur} Rahman and Glenn A Woodell},
  title     = {Retinex image processing: Improved fidelity to direct visual
observation},
  booktitle = {Proceedings of the IS\&T Fourth Color Imaging Conference: Color
Science, Systems, and Applications},
  organization = {The Society for Imaging Science and Technology},
  pages     = {124--125},
  year      = {1995},
  volume    = {4}
}

@inproceedings{fedkiw:2001:VSO,
  author = "Ronald Fedkiw and Jos Stam and Henrik Wann Jensen",
  title = "Visual Simulation of Smoke",
  editor = "Eugene Fiume",
  booktitle = "Proceedings of SIGGRAPH 2001",
  publisher = "ACM Press / ACM SIGGRAPH",
  pages = "15--22",
  year = 2001,
  organization = "ACM",
  series = "Computer Graphics Proceedings, Annual Conference Series"
}

@inproceedings{levoy:2000:TDM,
  author = "Marc Levoy and Kari Pulli and Brian Curless and Szymon Rusinkiewicz and David Koller and Lucas Pereira and Matt Ginzton and Sean Anderson and James Davis and Jeremy Ginsberg and Jonathan Shade and Duane Fulk",
  title = "The Digital Michelangelo Project",
  editor = "Kurt Akeley",
  booktitle = "Proceedings of SIGGRAPH 2000",
  publisher = "ACM Press / ACM SIGGRAPH",
  pages = "131--144",
  year = 2000,
  address = "New York",
  organization = "ACM"
}

@article{sako:2001:SSB,
  author = "Yusaku Sako and Kikuo Fujimura",
  title = "Shape Similarity by Homotropic Deformation",
  journal = "The Visual Computer",
  volume = 16,
  number = 1,
  pages = "47--61",
  publisher = "Springer-Verlag",
  year = 2000,
}

@book{parke:1996:CFA,
  author = "Frederic I. Parke and Keith Waters",
  title = "Computer Facial Animation",
  year = 1996,
  publisher = "A. K. Peters",
}

@inproceedings{cnnfeatureoffshelf,
 author = {Razavian, Ali Sharif and Azizpour, Hossein and Sullivan, Josephine and Carlsson, Stefan},
 title = {CNN Features Off-the-Shelf: An Astounding Baseline for Recognition},
 booktitle = {CVPR Workshop},
 year = {2014}
} 


@mastersthesis{yee:2000:SSA,
  author = "Yang Li Hector Yee",
  title = "Spatiotemporal sensistivity and visual attention for efficient rendering of dynamic environments",
  school = "Cornell University",
  year = 2000,
}

@phdthesis{kartch:2000:ERA,
  author = "Daniel Kartch",
  title = "Efficient Rendering and Compression for Full-Parallax Computer-Generated Holographic Stereograms",
  school = "Cornell University",
  year = 2000,
}

@inproceedings{Lefebvre:2005:sig,
 author = {Lefebvre, Sylvain and Hoppe, Hugues},
 title = {Parallel controllable texture synthesis},
 booktitle = {SIGGRAPH},
 year = {2005}
}


@InProceedings{WLKT09,
  author       = "Wei, Li-Yi and Lefebvre, Sylvain and Kwatra, Vivek and Turk, Greg",
  title        = "State of the Art in Example-based Texture Synthesis",
  booktitle    = "Eurographics",
  year         = "2009"
}

@inproceedings{Efros:1999,
 author = {Efros, Alexei A. and Leung, Thomas K.},
 title = {Texture Synthesis by Non-Parametric Sampling},
 booktitle = {ICCV},
 year = {1999}
}


@inproceedings{Kwatra:2003,
 author = {Kwatra, Vivek and Sch\"{o}dl, Arno and Essa, Irfan and Turk, Greg and Bobick, Aaron},
 title = {Graphcut textures: image and video synthesis using graph cuts},
 booktitle = {SIGGRAPH},
 year = {2003}
}


@inproceedings{Ashikhmin:2001,
 author = {Ashikhmin, Michael},
 title = {Synthesizing natural textures},
 booktitle = {I3D},
 year = {2001}
}


@inproceedings{Hautamaki:2004,
 author = {Hautamaki, Ville and Karkkainen, Ismo and Franti, Pasi},
 title = {Outlier Detection Using k-Nearest Neighbour Graph},
 booktitle = {Proceedings of the Pattern Recognition, 17th International Conference on (ICPR'04) Volume 3 - Volume 03},
 series = {ICPR '04},
 year = {2004},
 isbn = {0-7695-2128-2},
 pages = {430--433},
 numpages = {4},
 url = {http://dx.doi.org/10.1109/ICPR.2004.671},
 doi = {10.1109/ICPR.2004.671},
 acmid = {1021000},
 publisher = {IEEE Computer Society},
 address = {Washington, DC, USA},
}

@article{dai:MLPH:11,
  author    = {Dengxin Dai and
               Wen Yang and
               Hong Sun},
  title     = {Multilevel Local Pattern Histogram for SAR Image Classification},
  journal   = {IEEE Geosci. Remote Sensing Lett.},
  volume    = {8},
  number    = {2},
  year      = {2011},
  pages     = {225-229}
}


@InProceedings{dai:ensemble:eccv12b,
  author = {D. Dai and M. Prasad and C. Leistner and L. Van Gool},
  title = {Ensemble Partitioning for Unsupervised Image Categorization},
  booktitle = {ECCV},
  year = {2012},
  keywords = {}
}

@InProceedings{dai:EnPro:iccv13,
  author = {D. Dai and L. {Van Gool}},
  title = {Ensemble Projection for Semi-supervised Image Classification},
  booktitle = {ICCV},
  year = {2013}
}

@inproceedings{Singh:eccv12,
  author    = {Saurabh Singh and
               Abhinav Gupta and
               Alexei A. Efros},
  title     = {Unsupervised Discovery of Mid-Level Discriminative Patches},
  booktitle = {ECCV},
  year      = {2012}
}

@inproceedings{Efros:sig2001,
 author = {Efros, Alexei A. and Freeman, William T.},
 title = {Image quilting for texture synthesis and transfer},
 booktitle = {SIGGRAPH},
 year = {2001}
} 

@article{Portilla:2000:IJCV,
 author = {Portilla, Javier and Simoncelli, Eero P.},
 title = {A Parametric Texture Model Based on Joint Statistics of Complex Wavelet Coefficients},
 journal = {IJCV},
 volume = {40},
 number = {1},
 year = {2000},
 pages = {49--70}
} 

@InProceedings{dai:eccv12a,
  author = {D. Dai and M. Prasad and G. Schmitt and L. {Van Gool}},
  title = {Learning Domain Knowledge for Facade Labeling},
  booktitle = {ECCV},
  year = {2012},
  keywords = {}
}


@InProceedings{Riemenschneider:cvpr12,
  author = {H. Riemenschneider and U. Krispel and W. Thaller and M. Donoser and S. Havemann and D. Fellner and H. Bischof},
  title = {Irregular lattices for complex shape grammar facade parsing},
  booktitle = {CVPR},
  year = {2012},
  keywords = {}
}

@inproceedings{Ma:2011,
 author = {Ma, Chongyang and Wei, Li-Yi and Tong, Xin},
 title = {Discrete element textures},
 booktitle = {SIGGRAPH},
 year = {2011}
} 

@InProceedings{dai:facade:iccv13,
  author = {D. Dai and H. Riemenschneider and G. Schmitt and L. {Van Gool}},
  title = {Example-based Facade Texture Synthesis},
  booktitle = {ICCV},
  year = {2013},
  keywords = {}
}


@article {texture:from:photo,
author = {Eisenacher, C. and Lefebvre, S. and Stamminger, M.},
title = {Texture Synthesis From Photographs},
journal = {Computer Graphics Forum},
volume = {27},
number = {2},
pages = {419--428},
year = {2008}
}


@incollection{image:quality,
year={2008},
booktitle={ECCV},
title={Photo and Video Quality Evaluation: Focusing on the Subject},
author={Luo, Yiwen and Tang, Xiaoou}
}


@inproceedings{image:memorability,
   author="Phillip Isola and Jianxiong Xiao and Antonio Torralba and Aude Oliva", 
   title="What makes an image memorable?", 
   booktitle="CVPR", 
   year="2011"
}

@article{image:interestingness,
   author ={Gygli, Michael and Grabner, Helmut and Riemenschneider, Hayko and Nater, Fabian and Van Gool, Luc},
    title = {The Interestingness Of Images},
     journal = {ICCV},
     year = {2013}
}



@incollection{aesthetic:eccv06, 
year={2006},
booktitle={ECCV},
title={Studying Aesthetics in Photographic Images Using a Computational Approach},
author={Datta, Ritendra and Joshi, Dhiraj and Li, Jia and Wang, JamesZ.}
}



@article{autoRectify_12,
AUTHOR = "Dror Aiger and Daniel Cohen-Or and Niloy J. Mitra",
title = "Repetition Maximization based Texture Rectification",
journal = "Computer Graphics Forum", 
volume = {31},
pages = {439--448}, 
YEAR = "2012",
}


@article{low:rank:texture:ijcv12, 
year={2012},
journal={IJCV},
volume={99},
number={1},
title={TILT: Transform Invariant Low-Rank Textures},
author={Zhang, Zhengdong and Ganesh, Arvind and Liang, Xiao and Ma, Yi},
pages={1-24}
}

@inproceedings{semantic:texture,
 author = {Matthews, Tim and Nixon, Mark S. and Niranjan, Mahesan},
 title = {Enriching Texture Analysis with Semantic Data},
 booktitle = {CVPR},
 year = {2013}
} 


@inproceedings{multi:sampling:97,
 author = {De Bonet, Jeremy S.},
 title = {Multiresolution sampling procedure for analysis and synthesis of texture images},
 booktitle = {SIGGRAPH},
 year = {1997}
} 

@ARTICLE{noncausal:tip98,
author={Paget, Rupert and Longstaff, I.D.},
journal={{IEEE} Trans. Image Process},
title={Texture synthesis via a noncausal nonparametric multiscale Markov random field},
year={1998},
volume={7},
number={6},
pages={925-931}
}


@inproceedings{He:completion:eccv12,
 author = {He, Kaiming and Sun, Jian},
 title = {Statistics of patch offsets for image completion},
 booktitle = {ECCV},
 year = {2012}
} 

@INPROCEEDINGS{self:similarity,
author={Shechtman, E. and Irani, M.},
booktitle={CVPR},
title={Matching Local Self-Similarities across Images and Videos},
year={2007}
}

@inproceedings{blind:quality:cvpr11,
 author = {Huixuan Tang and Joshi, N. and Kapoor, A.},
 title = {Learning a blind measure of perceptual image quality},
 booktitle = {CVPR},
 year = {2011}
} 


@Article{material:pami:09,
  author    = "Varma, M. and Zisserman, A.",
  title     = "A Statistical Approach To Material Classification Using Image Patch Exemplars",
  journal   = "PAMI",
  volume    = "31",
  number    = "11",
  pages     = "2032--2047",
  year      = "2009"
}

@INPROCEEDINGS{sorted:texture,
author={Li Liu and Fieguth, P. and Gangyao Kuang and Hongbin Zha},
booktitle={ICCV},
title={Sorted Random Projections for robust texture classification},
year={2011}
}


@article{texture:local:feature,
year={2007},
journal={IJCV},
volume={73},
number={2},
title={Local Features and Kernels for Classification of Texture and Object Categories: A Comprehensive Study},
author={Zhang, J. and Marszałek, M. and Lazebnik, S. and Schmid, C.},
pages={213-238}
}


@ARTICLE{UIUC:Texture,
author={Lazebnik, S. and Schmid, C. and Ponce, J.},
journal={PAMI},
 title={A sparse texture representation using local affine regions},
year={2005},
pages = {1265--1278},
volume={27},
number={8}
}

@Article{columbia:texture,
author = {K.J. Dana and B. Van-Ginneken and S.K. Nayar and J.J. Koenderink},
title = {{R}eflectance and {T}exture of {R}eal {W}orld {S}urfaces},
journal = {ACM TOG},
volume = {18},
number = {1},
pages = {1--34},
year = {1999}
}

@inproceedings{open:surface,
	author = "Sean Bell and Paul Upchurch and Noah Snavely and Kavita Bala",
	title = "OpenSurfaces: A Richly Annotated Catalog of Surface Appearance",
	booktitle = "SIGGRAPH",
	year = "2013"
}


@article{dominant:texture:09,
  author    = {Jianye Lu and
               Julie Dorsey and
               Holly E. Rushmeier},
  title     = {Dominant Texture and Diffusion Distance Manifolds},
  journal   = {Comput. Graph. Forum},
  volume    = {28},
  number    = {2},
  year      = {2009},
  pages     = {667-676},
}

%%% texture end
%%%%%%%%%%eccv paper %%%%%%
% This file was created with JabRef 2.6.
% Encoding: UTF-8

@ARTICLE{Alpher02,
  author = {A. Alpher},
  title = {Frobnication},
  journal = {Journal of Foo},
  year = {2002},
  volume = {12},
  pages = {234--778},
  number = {1}
}

@ARTICLE{Alpher03,
  author = {A. Alpher and and J.~P.~N. Fotheringham-Smythe},
  title = {Frobnication revisited},
  journal = {Journal of Foo},
  year = {2003},
  volume = {13},
  pages = {234--778},
  number = {1}
}

@ARTICLE{Alpher04,
  author = {A. Alpher and and J.~P.~N. Fotheringham-Smythe and G. Gamow},
  title = {Can a machine frobnicate?},
  journal = {Journal of Foo},
  year = {2004},
  volume = {14},
  pages = {234--778},
  number = {1}
}

@MISC{Authors12,
  author = {Authors},
  title = {The frobnicatable foo filter},
  year = {2012},
  note = {BMVC12 submission ID 324. Supplied as additional material {\tt bmvc12.pdf}}
}

@MISC{Authors12b,
  author = {Authors},
  title = {Frobnication tutorial},
  year = {2012},
  note = {Supplied as additional material {\tt tr.pdf}}
}

@ARTICLE{Barbu:Swendsen-wang:2005,
  author = {Adrian Barbu and Song-Chun Zhu},
  title = {Generalizing Swendsen-Wang to Sampling Arbitrary Posterior Probabilities},
  journal = {PAMI},
  year = {2005},
  volume = {27},
  pages = {1239--1253}
}

@INPROCEEDINGS{Barinova_geometricimage,
  author = {O. Barinova and V. Lempitsky and E. Tretiak and P. Kohli},
  title = {Geometric Image Parsing in Man-Made Environments},
  booktitle = {ECCV},
  year = {2010}
}

@INPROCEEDINGS{Berg:parsing:ICCV07,
  author = {Alexander C. Berg and Floraine Grabler and Jitendra Malik},
  title = {Parsing Images of Architectural Scenes.},
  booktitle = {ICCV},
  year = {2007}
}

@BOOK{Bishop:book:2006,
  title = {Pattern Recognition and Machine Learning},
  publisher = {Springer},
  year = {2006},
  author = {Bishop, Christopher M},
  volume = {4},
  number = {4},
  pages = {738}
}

@ARTICLE{Breiman:RF:2001,
  author = {Breiman, Leo},
  title = {Random Forests},
  journal = {Machine Learning},
  year = {2001},
  volume = {45},
  pages = {5--32},
  number = {1},
  publisher = {Springer}
}

@INPROCEEDINGS{Ceylan:Eurographics:2012,
  author = {D. Ceylan and N. J. Mitra and H. Li and T. Weise and M. Pauly},
  title = {Factored Facade Acquisition using Symmetric Line Arrangements},
  booktitle = {Eurographics},
  year = {2012}
}

@ARTICLE{Coughlan:NIPS:2001,
  author = {Coughlan, J M and Yuille, A L},
  title = {The Manhattan World Assumption : Regularities in scene statistics
	which enable Bayesian inference},
  year = {2001},
  booktitle = {NIPS}
}

@ARTICLE{Finkenzeller_2005,
  author = {Finkenzeller, Dieter and Bender, Jan and Schmitt, Alfred},
  title = {Feature-based decomposition of faÃ§ades},
  journal = {Work},
  year = {2005},
  pages = {1--9}
}

@inproceedings{ValGool:Towardsmass:2007,
  author = {Luc Van Gool and Gang Zeng and Filip Van Den Borre and Pascal M\"uller},
  title = {TOWARDS MASS-PRODUCED BUILDING MODELS},
booktitle = {PIA},
  year = {2007}
}

@ARTICLE{Gould:2008:IJCV,
  author = {Stephen Gould and Jim Rodgers and David Cohen and Gal Elidan and
	Daphne Koller},
  title = {Multi-Class Segmentation with Relative Location Prior.},
  journal = {IJCV},
  year = {2008},
  volume = {80},
  pages = {300-316},
  number = {3}
}

@INPROCEEDINGS{Haegler:Eurographics:2010,
  author = {S. Haegler and P. Wonka and S. M\"ueller Arisona and L. Van Gool
	and P. M\"ueller},
  title = {Grammar-Based Encoding of Facades},
  booktitle = {Eurographics},
  year = {2010}
}

@INPROCEEDINGS{Feng:2005,
  author = {Feng Han and Song-chun Zhu},
  title = {Bottom-up/top-down image parsing by attribute graph grammar},
  booktitle = {ICCV},
  year = {2005}
}

@INPROCEEDINGS{Jegou:hamming:2008,
  author = {Herve Jegou and Matthijs Douze and Cordelia Schmid},
  title = {Hamming Embedding and Weak Geometric Consistency for Large Scale
	Image Search.},
  booktitle = {ECCV},
  year = {2008}
}

@ARTICLE{Laycock_2003,
  author = {Laycock, R G},
  title = {Automatically Generating Roof Models from Building Footprints},
  journal = {Information Systems Journal},
  year = {2003},
  pages = {4--7},
  publisher = {Citeseer},
  url = {http://citeseerx.ist.psu.edu/viewdoc/download?doi=10.1.1.14.1162&rep=rep1&type=pdf}
}

@INPROCEEDINGS{Lefebvre:2010,
  author = {Sylvain Lefebvre and Samuel Hornus and Anass Lasram},
  title = {By-example Synthesis of Architectural Textures},
  booktitle = {SIGGRAPH},
  year = {2010}
}

@INPROCEEDINGS{Li:ICCV:2011,
  author = {Y. Li and A. Sharf and D. Cohen-or and B. Chen},
  title = {2D-3D fusion for layer decomposition of urban facades},
  booktitle = {ICCV},
  year = {2011}
}

@INPROCEEDINGS{MÃŒller:SIGGRAPH:2007,
  author = {P. M\"uller and G. Zeng and P. Wonka and L. Van Gool},
  title = {Image-based procedural modeling of facades},
  booktitle = {SIGGRAPH},
  year = {2007}
}

@INPROCEEDINGS{Przemyslaw:Eurographics:2012,
  author = {P. Musialski and M. Wimmer, P. Wonka},
  title = {Interactive Coherence-Based Facade Modeling},
  booktitle = {Eurographics},
  year = {2012}
}

@INPROCEEDINGS{MÃŒller_2006,
  author = {Pascal M\"uller and Peter Wonka and Simon Haegler and Andreas Ulmer
	and Luc {Van Gool}},
  title = {Procedural Modeling of Buildings},
  year = {2006},
  booktitle = {SIGGRAPH}
}

@INPROCEEDINGS{Nan:SIGGRAPH:2010,
  author = {L. Nan and A. Sharf and H. Zhang and D. Cohen-Or and B. Chen},
  title = {SmartBoxes for interactive urban reconstruction},
  booktitle = {ACM SIGGRAPH},
  year = {2010}
}

@INPROCEEDINGS{Qin:hello:2010,
  author = {Danfeng Qin and Stephan Gammeter and Lukas Bossard and Till Quack
	and Luc J. Van Gool},
  title = {Hello neighbor: Accurate object retrieval with k-reciprocal nearest
	neighbors.},
  booktitle = {CVPR},
  year = {2011}
}

@INPROCEEDINGS{Recky:facadeseg:2011,
  author = {Michal Recky and Andreas Wendel and Franz Leberl},
  title = {Fa\c{c}ade Segmentation in a Multi-view Scenario.},
  booktitle = {3DIMPVT},
  year = {2011},
  pages = {358-365}
}

@ARTICLE{Ripperda:2008,
  author = {N. Ripperda},
  title = {Grammar Based Facade Reconstruction using rjMCMC},
  journal = {Photogrammetrie Fernerkundung GeoInformation},
  year = {2008},
  volume = {2},
  pages = {83--92},
  number = {1972}
}

@INPROCEEDINGS{Shen:SigAsia:2011,
  author = {Shen, Chao-Hui and Huang, Shi-Sheng and Fu, Hongbo and Hu, Shi-Min},
  title = {Adaptive Partitioning of Urban Facades},
  booktitle = {SIGGRAPH Asia},
  year = {2011}
}

@ARTICLE{Shi:PAMI:2000,
  author = {Jianbo Shi and Jitendra Malik},
  title = {Normalized Cuts and Image Segmentation},
  journal = {PAMI},
  year = {2000},
  volume = {22},
  pages = {888--905}
}

@INPROCEEDINGS{Shotton:semantictexton:2008,
  author = {Jamie Shotton and Matthew Johnson and Roberto Cipolla},
  title = {Semantic Texton Forests for Image Categorization and Segmentation},
  booktitle = {CVPR},
  year = {2008}
}

@INPROCEEDINGS{Shotton:2006:ECCV,
  author = {J. Shotton and J. Winn and C. Rother and A. Criminisi},
  title = {Textonboost: Joint appearance, shape and context modeling for multi-class
	object recognition and segmentation},
  booktitle = {ECCV},
  year = {2006}
}

@INPROCEEDINGS{Szummer:CRFlearning:2008,
  author = {Martin Szummer and Pushmeet Kohli and Derek Hoiem},
  title = {Learning CRFs Using Graph Cuts.},
  booktitle = {ECCV},
  year = {2008}
}

@PHDTHESIS{Teboul:thesis:2011,
  author = {Olivier Teboul},
  title = {Shape Grammar Parsing: Application to Image-based Modeling},
  school = {Ecole Centrale Paris},
  year = {2011},
  owner = {daid},
  timestamp = {2012.02.22}
}

@INPROCEEDINGS{Teboul:CVPR:2011,
  author = {O. Teboul and I. Kokkinos and P. Koutsourakis and N. Paragios},
  title = {Shape Grammar Parsing via Reinforcement Learning},
  booktitle = {CVPR},
  year = {2011}
}

@INPROCEEDINGS{Teboul:CVPR:2010,
  author = {O. Teboul and L. Simon and P. Koutsourakis and N. Paragios},
  title = {Segmentation of Building Facades Using Procedural Shape Priors},
  booktitle = {CVPR},
  year = {2010}
}

@INPROCEEDINGS{Lazebnik:2010:ECCV,
  author = {Joseph Tighe and Svetlana Lazebnik},
  title = {SuperParsing: Scalable Nonparametric Image Parsing with Superpixels.},
  booktitle = {ECCV},
  year = {2010}
}

@INPROCEEDINGS{Tu:auto-context:2008,
  author = {Zhuowen Tu},
  title = {Auto-context and its application to high-level vision tasks.},
  booktitle = {CVPR},
  year = {2008}
}

@INPROCEEDINGS{Wendel:UnFacadeSeg:2011,
  author = {Andreas Wendel and Michael Donoser and Horst Bischof},
  title = {Unsupervised Facade Segmentation Using Repetitive Patterns.},
  booktitle = {DAGM},
  year = {2010},
  pages = {51-60}
}

@INPROCEEDINGS{Xiao:Image-based:2008,
  author = {Jianxiong Xiao and Tian Fang and Ping Tan and Peng Zhao and Eyal
	Ofek and Long Quan},
  title = {Image-based fa\c{c}ade modeling.},
  booktitle = {SIGGRAPH Asia},
  year = {2008}
}

@INPROCEEDINGS{Xiao:Image-based:2009,
  author = {Jianxiong Xiao and Tian Fang and Peng Zhao and Maxime Lhuillier and
	Long Quan},
  title = {Image-based street-side city modeling.},
  booktitle = {SIGGRAPH Asia},
  year = {2009}
}

@INPROCEEDINGS{Zhao:CVPR:2010,
  author = {P. Zhao and T. Fang and J. Xiao and H. Zhang and Q. Zhao and L. Quan
	and V. Buaa},
  title = {Rectilinear Parsing of Architecture in Urban Environment},
  booktitle = {CVPR},
  year = {2010}
}

@PHDTHESIS{Teboul:thesis:2011,
  author = {Olivier Teboul},
  title = {Shape Grammar Parsing: Application to Image-based Modeling},
  school = {Ecole Centrale Paris},
  year = {2011}
}

@INPROCEEDINGS{Dalal:HOG:cvpr05,
  author = {N. Dalal and  B. Triggs},
  title = {Histograms of oriented gradients for human detection},
  booktitle = {CVPR},
  year = {2005}
}

@inproceedings{phog, 
author = {Anna Bosch and Andrew Zisserman and Xavier MuÃ±oz},
title={Image classification using random forests and ferns}, 
 booktitle = {ICCV},
   year = {2007},
}

@INPROCEEDINGS{Wu:PACT:CVPR09,
  author = {Jianixn Wu and Rehg, J.M.},
  title = {Where am I: Place instance and category recognition using spatial
	PACT},
  booktitle = {CVPR},
  year = {2008},
  owner = {daid},
  timestamp = {2012.02.22}
}

@ARTICLE{Dick:Modeling:IJCV04,
  author = {A.R. Dick and P.H.S. Torr and R. Cipolla},
  title = {Modelling and Interpretation of Architecture from Several Images},
  journal = {IJCV},
  year = {2004},
  volume = {60},
  pages = {111-134},
  owner = {daid},
  timestamp = {2012.02.22}
}

@InProceedings{dai:synthesizability,
  author = {D. Dai and H. Riemenschneider and L. {Van Gool}},
  title = {The Synthesizability of Texture Examples},
  booktitle = {CVPR},
  year = {2014}
}

@ARTICLE{Felzenszwalb:Segmentation:IJCV04,
  author = {Pedro F. Felzenszwalb and Daniel P. Huttenlocher},
  title = {Efficient Graph-Based Image Segmentation},
  journal = {IJCV},
  year = {2004},
  volume = {59},
  pages = {167-181},
  owner = {daid},
  timestamp = {2012.02.22}
}

@InProceedings{Socher:RNN:2011,
author = {Richard Socher and Cliff C. Lin and Andrew Y. Ng and Christopher D. Manning},
title = {{Parsing Natural Scenes and Natural Language with Recursive Neural Networks}},
booktitle = {ICML},
year = 2011
}

@INPROCEEDINGS{Hoiem:object:CVPR06,
    author = {Derek Hoiem and Alexei A. Efros and Martial Hebert},
    title = {Putting objects in perspective},
    booktitle = {CVPR},
    year = {2006}
}

@INPROCEEDINGS{He:Multiscale:CVPR04,
AUTHOR = "Xuming He and Richard S. Zemel and Miguel {\'A}.\ Carreira-Perpin{\~n}{\'a}n",
TITLE = "Multiscale Conditional Random Fields for Image Labeling.",
booktitle = "CVPR",
YEAR = {2004}  }

@ARTICLE{Toyoda:Random:PAMI08,
AUTHOR = "Takahiro Toyoda and Osamu Hasegawa",
TITLE = "Random Field Model for Integration of Local Information and Global Information.",
JOURNAL = "PAMI",
volume = {30}, 
PAGES = {1483-1489},
YEAR = {2008}  }


@ARTICLE{texton:2001,
 author = {Leung, Thomas and Malik, Jitendra},
 title = {Representing and Recognizing the Visual Appearance of Materials using Three-dimensional Textons},
 journal = {IJCV},
 volume = {43},
 number = {1},
 year = {2001},
 pages = {29--44}
 }


@INPROCEEDINGS{Gould:decomposing:ICCV09,
AUTHOR = "Stephen Gould and Richard Fulton and Daphne Koller",
TITLE = "Decomposing a scene into geometric and semantically consistent regions.",
booktitle = "ICCV",
YEAR = {2009}  }


@article{Kwatra:tog:2005,
 author = {Kwatra, Vivek and Essa, Irfan and Bobick, Aaron and Kwatra, Nipun},
 title = {Texture optimization for example-based synthesis},
 journal = {ACM Trans. Graph.},
 volume = {24},
 number = {3},
 year = {2005},
} 


@inproceedings{Cho:cvpr:10,
  author    = {Taeg Sang Cho and
               Shai Avidan and
               William T. Freeman},
  title     = {A probabilistic image jigsaw puzzle solver},
  booktitle = {CVPR},
  year      = {2010}
}


@Book{ Luke2009Metaheuristics, 
       author =    { Sean Luke }, 
       title =     { Essentials of Metaheuristics },
       year =      { 2009 }
     }


@inproceedings{Heeger:95,
 author = {Heeger, David J. and Bergen, James R.},
 title = {Pyramid-based texture analysis/synthesis},
 booktitle = {SIGGRAPH},
 year = {1995}
} 

@ARTICLE{Zhu:98:Frame,
    author = {Song Chun Zhu and Yingnian Wu and David Mumford},
    title = {Filters, Random fields And Maximum Entropy (FRAME) -- Towards a Unified Theory for Texture Modeling},
    journal = {IJCV},
    year = {1998},
    volume = {27},
    number = {2}
}


@inproceedings{Zalesny:00:Compact,
  author    = {Alexey Zalesny and
               Luc J. Van Gool},
  title     = {A Compact Model for Viewpoint Dependent Texture Synthesis},
  booktitle = {SMILE},
  year      = {2000}
}

@article{Gimelfarb:96:Texture,
  author    = {Georgy L. Gimel'farb},
  title     = {Texture Modeling by Multiple Pairwise Pixel Interactions},
  journal   = {PAMI},
  volume    = {18},
  number    = {11},
  year      = {1996}
}


@inproceedings{Lefebvre:2010,
   TITLE      = "By-example Synthesis of Architectural Textures",
   AUTHOR     = "Sylvain Lefebvre and Samuel Hornus and Anass Lasram",
   booktitle    = "SIGGRAPH",
   YEAR       = "2010"
}


@article{Yeh:2013,
 author = {Yeh, Yi-Ting and Breeden, Katherine and Yang, Lingfeng and Fisher, Matthew and Hanrahan, Pat},
 title = {Synthesis of tiled patterns using factor graphs},
 journal = {ACM Trans. Graph.},
 volume = {32},
 number = {1},
 year = {2013}
} 

@article{Aliaga:2008,
 author = {Aliaga, Daniel G. and Vanegas, Carlos A. and Bene\v{s}, Bed\v{r}ich},
 title = {Interactive example-based urban layout synthesis},
 journal = {ACM Trans. Graph.},
 volume = {27},
 number = {5},
 year = {2008}
} 

@inproceedings{Merrell:2008,
 author = {Merrell, Paul and Manocha, Dinesh},
 title = {Continuous model synthesis},
 booktitle = {SIGGRAPH Asia},
 year = {2008},
} 

@article{Bao:2013,
 author = {Bao, Fan and Schwarz, Michael and Wonka, Peter},
 title = {Procedural facade variations from a single layout},
 journal = {ACM Trans. Graph.},
 volume = {32},
 number = {1},
 year = {2013}
} 


@article{Mitra:eu:13,
AUTHOR = "Sawsan AlHalawani and Yong-Liang Yang and Han Liu and Niloy J. Mitra",
TITLE = "Interactive Facades: Analysis and Synthesis of Semi-Regular Facades",
JOURNAL = "Eurographics", 
YEAR = "2013"
}

@inproceedings{Lin:2011,
 author = {Lin, Jinjie and Cohen-Or, Daniel and Zhang, Hao and Liang, Cheng and Sharf, Andrei and Deussen, Oliver and Chen, Baoquan},
 title = {Structure-preserving retargeting of irregular 3D architecture},
 booktitle = {SIGGRAPH Asia},
 year = {2011}
} 

@article{Bokeloh:2012,
 author = {Bokeloh, Martin and Wand, Michael and Seidel, Hans-Peter and Koltun, Vladlen},
 title = {An algebraic model for parameterized shape editing},
 journal = {ACM Trans. Graph.},
 volume = {31},
 number = {4},
 year = {2012}
} 

@inproceedings{Talton:2012,
 author = {Talton, Jerry and Yang, Lingfeng and Kumar, Ranjitha and Lim, Maxine and Goodman, Noah and M\v{e}ch, Radom\'{\i}r},
 title = {Learning design patterns with bayesian grammar induction},
 booktitle = {UIST},
 year = {2012}
} 

@ARTICLE{Aliaga:2008:Style,
author={Aliaga, Daniel G. and Rosen, P.A. and Bekins, D.R.},
journal={TVCG}, 
title={Style Grammars for Interactive Visualization of Architecture},
volume={13},
number={4}, 
year = {2007}
}

@INPROCEEDINGS{CHO_CVPR2008,
author = {Taeg Sang Cho and Moshe Butman and Shai Avidan and William T. Freeman},
title = {The patch transform and its applications to image editing},
booktitle = {CVPR},
year = {2008}}


@inproceedings{Wonka:2003,
 author = {Wonka, Peter and Wimmer, Michael and Sillion, Fran\c{c}ois and Ribarsky, William},
 title = {Instant architecture},
 booktitle = {SIGGRAPH},
 year = {2003}
} 

@INPROCEEDINGS{Shotton:cvpr08,
author={Shotton, J. and Johnson, M. and Cipolla, R.},
booktitle={CVPR}, 
title={Semantic texton forests for image categorization and segmentation},
year = {2008}
}

@article {lockerman2013arxiv,
	title = {Creating Texture Exemplars from Unconstrained Images},
	number = {TR1483},
	year = {2013},
	month = {October},
	journal = {Tech. Report},
	author = {Lockerman, Y. D. and Xue, S. and Julie Dorsey and Holly Rushmeier}
}

@ARTICLE{paget:tip98,
author={Paget, Rupert and Longstaff, I.D.},
journal={IEEE Trans. Image Processing},
title={Texture synthesis via a noncausal nonparametric multiscale Markov random field},
year={1998},
volume={7},
number={6},
pages={925-931}}


@article{xia:texture,
year={2010},
journal={IJCV},
volume={88},
number={3},
title={Shape-based Invariant Texture Indexing},
author={Xia, Gui-Song and Delon, Julie and Gousseau, Yann},
pages={382-403}
}

@INPROCEEDINGS{texture:wild,
author={Cimpoi, Mircea and Maji, Subhransu and Kokkinos, Iasonas and Vedaldi, Andrea},
booktitle={CVPR}, 
title={Describing Textures in the Wild},
year = {2014}
}


@article{zhu:frame,
 author = {Zhu, Song Chun and Wu, Yingnian and Mumford, David},
 title = {Filters, Random Fields and Maximum Entropy (FRAME): Towards a Unified Theory for Texture Modeling},
 journal = {IJCV},
 volume = {27},
 number = {2},
 year = {1998},
 pages = {107--126}
} 

@article{Manjunath96,
  author    = {B. S. Manjunath and W.Y. Ma},
  title     = {Texture features for browsing and retrieval of image data},
  journal   = {PAMI},
  volume    = {18},
  number    = {8},
  pages     = {837--42},
  year      = {1996}
}

@INPROCEEDINGS{Schmid01,
author={Schmid, C.},
booktitle={CVPR},
title={Constructing models for content-based image retrieval},
year={2001}}


@inproceedings{DeBonet:97,
 author = {De Bonet, Jeremy S.},
 title = {Multiresolution Sampling Procedure for Analysis and Synthesis of Texture Images},
 booktitle = {SIGGRAPH},
 year = {1997}
} 

@inproceedings{Lefebvre06,
 author = {Lefebvre, Sylvain and Hoppe, Hugues},
 title = {Appearance-space Texture Synthesis},
 booktitle = {SIGGRAPH},
 year = {2006}
} 

@inproceedings{Lefebvre05,
 author = {Lefebvre, Sylvain and Hoppe, Hugues},
 title = {Parallel Controllable Texture Synthesis},
 booktitle = {SIGGRAPH},
 year = {2005}

} 

@article{liu:ijcv:05,
year={2005},
journal={IJCV},
volume={62},
number={1-2},
title={The Promise and Perils of Near-Regular Texture},
author={Liu, Yanxi and Tsin, Yanghai and Lin, Wen-Chieh},
pages={145-159}
}

%inpainting 
@ARTICLE{Criminisi04,
author={Criminisi, Antonio and Perez, P. and Toyama, K.},
journal={IEEE Trans. on Image Processing}, title={Region filling and object removal by exemplar-based image inpainting},
year={2004},
volume={13},
number={9}
}

@article{Drori03,
 author = {Drori, Iddo and Cohen-Or, Daniel and Yeshurun, Hezy},
 title = {Fragment-based image completion},
 journal = {ACM Trans. Graph.},
 volume = {22},
 number = {3},
 year = {2003}
} 

@inproceedings{Sun05,
 author = {Sun, Jian and Yuan, Lu and Jia, Jiaya and Shum, Heung-Yeung},
 title = {Image completion with structure propagation},
 booktitle = {SIGGRAPH},
 year = {2005}
} 

@article{Pavic06,
 author = {Pavi\`{c}, Darko and Sch\"{o}nefeld, Volker and Kobbelt, Leif},
 title = {Interactive image completion with perspective correction},
 journal = {Vis. Comput.},
 volume = {22},
 number = {9},
 year = {2006}
} 

@article{Zalesny05,
 author = {Zalesny, A. and Ferrari, V. and Caenen, G. and Van Gool, L.},
 title = {Composite Texture Synthesis},
 journal = {IJCV},
 volume = {62},
 number = {1-2},
 year = {2005}
} 


@ARTICLE{random:phase,
author={Galerne, B. and Gousseau, Y. and Morel, J. -M},
journal={{IEEE} Trans. Image Process},
title={Random Phase Textures: Theory and Synthesis},
year={2011},
volume={20},
number={1},
pages={257-267}
}


@ARTICLE{graphcut,
author={Boykov, Y. and Veksler, O. and Zabih, R.},
journal={PAMI},
title={Fast approximate energy minimization via graph cuts},
year={2001},
volume={23},
number={11},
pages={1222-1239}}


%detection 
@INPROCEEDINGS{exampleSVM, 
author={Malisiewicz, T. and Gupta, A. and Efros, A.A.}, 
title={Ensemble of exemplar-SVMs for object detection and beyond}, 
booktitle={ICCV}, 
year={2011}}

@article{TurboPixels,
 author = {Levinshtein, Alex and Stere, Adrian and Kutulakos, Kiriakos N. and Fleet, David J. and Dickinson, Sven J. and Siddiqi, Kaleem},
 title = {TurboPixels: Fast Superpixels Using Geometric Flows},
 journal = {TPAMI},
  volume = {31},
 number = {12}, 
year = {2009}
 } 

@misc{bworld,
  author = {Ingo Ltkebohle},
  title = {{BWorld Robot Control Software}},
  howpublished = "\url{http://aiweb.techfak.uni-bielefeld.de/content/bworld-robot-control-software/}",
  year = {2008}, 
  note = "[Online; accessed 19-July-2008]"
}
@misc{barcelona:facade,
howpublished = "\url{http://vision.mas.ecp.fr/Personnel/teboul/data.php}"
}

@inproceedings{seam_carving,
 author = {Avidan, Shai and Shamir, Ariel},
 title = {Seam carving for content-aware image resizing},
 booktitle = {SIGGRAPH},
 year = {2007}
} 

@inproceedings{Zhang:2013,
author = {Zhang, Hao and Xu, Kai and Jiang, Wei and Lin, Jinjie and Cohen-Or, Daniel and Chen, Baoquan},
title = {Layered analysis of irregular facades via symmetry maximization},
booktitle = {SIGGRAPH},
year = {2013}
} 

@article {CGF13:UrbanReview,
author = {Musialski, P. and Wonka, P. and Aliaga, D. G. and Wimmer, M. and Van Gool, L. and Purgathofer, W.},
title = {A Survey of Urban Reconstruction},
journal = {Computer Graphics Forum},
volume = {32},
number = {6},
pages = {146--177},
year = {2013}
}


@misc{dai:fasynproj,
howpublished = "\url{www.vision.ee.ethz.ch/~daid/FacadeSyn}", 
}

@inproceedings{Liu:2004:NTA,
 author = {Liu, Yanxi and Lin, Wen-Chieh and Hays, James},
 title = {Near-regular texture analysis and manipulation},
 booktitle = {SIGGRAPH},
 year = {2004}
} 


@inproceedings{eccv08:facade:occlusion,
year={2008},
booktitle={ECCV},
title={Analysis of Building Textures for Reconstructing Partially Occluded Facades},
author={Korah, Thommen and Rasmussen, Christopher}
}


@inproceedings{Cohen:2003:wang,
 author = {Cohen, Michael F. and Shade, Jonathan and Hiller, Stefan and Deussen, Oliver},
 title = {Wang Tiles for image and texture generation},
 booktitle = {SIGGRAPH},
 year = {2003}
} 

@article{Boiman:07,
year={2007},
journal={IJCV},
volume={74},
number={1},
title={Detecting Irregularities in Images and in Video},
author={Boiman, Oren and Irani, Michal},
pages={17-31}
}

@inproceedings{Xu:2012,
 author = {Xu, Li and Yan, Qiong and Xia, Yang and Jia, Jiaya},
 title = {Structure Extraction from Texture via Relative Total Variation},
 booktitle = {SIGGRAPH Asia},
 year = {2012}
}

@ARTICLE{Liu:texture:96, 
author={Fang Liu and Picard, R.W.}, 
journal={PAMI}, 
title={Periodicity, directionality, and randomness: Wold features for image modeling and retrieval}, 
year={1996}, 
volume={18}, 
number={7}, 
pages={722-733}
}

@inproceedings{texture:analysis,
 author = {Tuceryan, Mihran and Jain, Anil K.},
 title = {Texture Analysis},
 booktitle = {Handbook of Pattern Recognition and Computer Vision (2nd Ed.)},
 year = {1993},
 pages = {235-276}
 } 

@article{vangool83,
title = "Texture analysis Anno 1983 ",
journal = "COMPUT VISION GRAPH",
volume = "29",
number = "3",
pages = "336 - 357",
year = "1985",
author = "L. Van Gool and P. Dewaele and A. Oosterlinck"
}


% embedding
@article{lle:science:00,
author = {Roweis, Sam T. and Saul, Lawrence K.}, 
title = {Nonlinear Dimensionality Reduction by Locally Linear Embedding},
volume = {290}, 
number = {5500}, 
pages = {2323-2326}, 
year = {2000}, 
journal = {Science} 
}

@INPROCEEDINGS{NPEmbedding:iccv05,
author={Xiaofei He and Deng Cai and Shuicheng Yan and Hong-Jiang Zhang},
booktitle={ICCV},
title={Neighborhood preserving embedding},
year={2005},
}

@article{eigenface:pami97,
 author = {Belhumeur, Peter N. and Hespanha, Jo\~{a}o P. and Kriegman, David J.},
 title = {Eigenfaces vs. Fisherfaces: Recognition Using Class Specific Linear Projection},
 journal = {TPAMI},
 volume = {19},
 number = {7},
 year = {1997},
 pages = {711--720},
} 

@INPROCEEDINGS{Decaf:icml2014,
    title={DeCAF: A Deep Convolutional Activation Feature for Generic Visual Recognition},
    author={Donahue, Jeff and Jia, Yangqing and Vinyals, Oriol and Hoffman, Judy and Zhang, Ning and Tzeng, Eric and Darrell, Trevor},
    booktitle={ICML},
    year={2014}
}

@INPROCEEDINGS{objectbank:nips10,
AUTHOR = "Li-Jia Li and Hao Su and Eric P. Xing and Fei-Fei Li",
TITLE = "Object Bank: A High-Level Image Representation for Scene Classification \& Semantic Feature Sparsification",
BOOKTITLE = "NIPS",
YEAR = {2010}, 
}


@INPROCEEDINGS{siftllc:cvpr10,
author={Jinjun Wang and Jianchao Yang and Kai Yu and Fengjun Lv and Huang, T. and Yihong Gong},
booktitle={CVPR},
title={Locality-constrained Linear Coding for image classification},
year={2010},
}


% retieval 
@INPROCEEDINGS{attributes:retrieval:cvpr10,
author={Douze, M. and Ramisa, A. and Schmid, C.},
booktitle={CVPR},
title={Combining attributes and Fisher vectors for efficient image retrieval},
year={2011},
}

@INPROCEEDINGS{metric:nips03,
    author = {Eric P. Xing and Andrew Y. Ng and Michael I. Jordan and Stuart Russell},
    title = {Distance Metric Learning, With Application To Clustering With Side-Information},
    booktitle = {NIPS},
    year = {2003},
}


@INPROCEEDINGS{local_distance:iccv:07,
author={Frome, A. and Singer, Y. and Fei Sha and Malik, J.},
booktitle={ICCV},
title={Learning Globally-Consistent Local Distance Functions for Shape-Based Image Retrieval and Classification},
year={2007},
}

@inproceedings{online_metric:nips08,
  author    = {Prateek Jain and
               Brian Kulis and
               Inderjit S. Dhillon and
               Kristen Grauman},
  title     = {Online Metric Learning and Fast Similarity Search},
  booktitle = {NIPS},
  year      = {2008}
}



@article{max:margin:knn,
 author = {Weinberger, Kilian Q. and Saul, Lawrence K.},
 title = {Distance Metric Learning for Large Margin Nearest Neighbor Classification},
 journal = {J. Mach. Learn. Res.},
 volume = {10},
 year = {2009},
 pages = {207--244},
} 

@INPROCEEDINGS{large:scale:metric:cvpr12,
author={Kostinger, M. and Hirzer, M. and Wohlhart, P. and Roth, P.M. and Bischof, H.},
booktitle={CVPR},
title={Large scale metric learning from equivalence constraints},
year={2012},
}

@INPROCEEDINGS{pairwise:metric:IJCAI09,
 author = {Baghshah, Mahdieh Soleymani and Shouraki, Saeed Bagheri},
 title = {Semi-supervised Metric Learning Using Pairwise Constraints},
 booktitle = {IJCAI},
 year = {2009},
} 

@INPROCEEDINGS{tagprop:iccv09,
author={Guillaumin, M. and Mensink, T. and Verbeek, J. and Schmid, C.},
booktitle={ICCV},
title={TagProp: Discriminative metric learning in nearest neighbor models for image auto-annotation},
year={2009},
}

@INPROCEEDINGS{isthatyou,
author={Guillaumin, M. and Verbeek, J. and Schmid, C.},
booktitle={ICCV},
title={Is that you? Metric learning approaches for face identification},
year={2009}}


@ARTICLE{metric:clustering:12,
author={Lei Wu and Hoi, S.C.H. and Rong Jin and Jianke Zhu and Nenghai Yu},
journal={IEEE Trans. Knowl. Data Eng.},
title={Learning Bregman Distance Functions for Semi-Supervised Clustering},
year={2012},
volume={24},
number={3},
pages={478-491},
}

@incollection{fisher:eccv10,
year={2010},
booktitle={ECCV},
title={Improving the Fisher Kernel for Large-Scale Image Classification},
author={Perronnin, Florent and Sánchez, Jorge and Mensink, Thomas}
}

@incollection{super:coding:eccv10,
year={2010},
booktitle={ECCV},
title={Image Classification Using Super-Vector Coding of Local Image Descriptors},
author={Zhou, Xi and Yu, Kai and Zhang, Tong and Huang, ThomasS.},
}


@INPROCEEDINGS{middle:feature:cvpr10,
author={Boureau, Y.-L. and Bach, F. and LeCun, Y. and Ponce, J.},
booktitle={CVPR},
title={Learning mid-level features for recognition},
year={2010},
}

@article{metric:survey:12,
  title={Metric learning: A survey},
  author={Kulis, Brian},
  journal={Foundations \& Trends in Machine Learning},
  volume={5},
  number={4},
  pages={287--364},
  year={2012}
}


@ARTICLE{rep:learn:pami13,
author={Bengio, Y. and Courville, A. and Vincent, P.},
journal={Pattern Analysis and Machine Intelligence, IEEE Transactions on},
title={Representation Learning: A Review and New Perspectives},
year={2013},
month={Aug},
volume={35},
number={8},
pages={1798-1828}}

@ARTICLE{fetlearn:convex:pami14,
author={Simonyan, K. and Vedaldi, A. and Zisserman, A.},
journal={TPAMI},
title={Learning Local Feature Descriptors Using Convex Optimisation},
year={2014},
volume={36},
number={8},
pages={1573-1585},
}

@inproceedings{qin:bmvc14,
    author = {Qin, Danfeng and Chen, Yuhua and Guillaumin, Matthieu and Van Gool, Luc},
    title = {Learning to Rank Bag-of-Word Histograms for Large-scale Object Retrieval},
    booktitle = {BMVC},
    year = {2014},
}

@inproceedings{hamming:embedding:08,
 author = {Jegou, Herve and Douze, Matthijs and Schmid, Cordelia},
 title = {Hamming Embedding and Weak Geometric Consistency for Large Scale Image Search},
 booktitle = {ECCV},
 year = {2008},
} 

@INPROCEEDINGS{ukbench:cvpr06,
  author = {D. Nist\'er and H. Stew\'enius},
  title = {Scalable Recognition with a Vocabulary Tree},
  year = 2006,
  booktitle = {CVPR}
}

@article{CUReT-61,
 author = {Dana, Kristin J. and van Ginneken, Bram and Nayar, Shree K. and Koenderink, Jan J.},
 title = {Reflectance and Texture of Real-world Surfaces},
 journal = {ACM Trans. Graph.},
 volume = {18},
 number = {1},
 year = {1999},
 pages = {1--34},
} 


@inproceedings{land-use,
  title={Bag-of-visual-words and spatial extensions for land-use classification},
  author={Yang, Yi and Newsam, Shawn},
  booktitle={ICAGIS},
  year={2010},
}

@ARTICLE{sammon:mapping,
author={Sammon, J.W.},
journal={Comput., IEEE Trans. on},
title={A Nonlinear Mapping for Data Structure Analysis},
year={1969},
volume={C-18},
number={5},
pages={401-409},}


@article{isomap:00,
    author = {Tenenbaum, Joshua B. and de Silva, Vin and Langford, John C.},
    journal = {Science},
    number = {5500},
    pages = {2319--2323},
    title = {A Global Geometric Framework for Nonlinear Dimensionality Reduction},
    volume = {290},
    year = {2000}
}

@article{LLE:science00,
  title={Nonlinear dimensionality reduction by locally linear embedding},
  author={Roweis, Sam T and Saul, Lawrence K},
  journal={Science},
  volume={290},
  number={5500},
  pages={2323--2326},
  year={2000},
}


@incollection{MDScaling:08,
year={2008},
booktitle={Handbook of Data Visualization},
title={Multidimensional Scaling},
author={Cox, Michael A. A. and Cox, Trevor F.},
pages={315-347}
}

@inproceedings{eigenmaps:nips01,
  title={Laplacian eigenmaps and spectral techniques for embedding and clustering.},
  author={Belkin, Mikhail and Niyogi, Partha},
  booktitle={NIPS},
  year={2001},
}

@article{hlle,
  title={Hessian eigenmaps: Locally linear embedding techniques for high-dimensional data},
  author={Donoho, David L and Grimes, Carrie},
  journal={Proc Nat Acad Sci USA},
  volume={100},
  number={10},
  pages={5591--5596},
  year={2003},
}

@ARTICLE{ltsa,
    author = {Zhenyue Zhang and Hongyuan Zha},
    title = {Principal Manifolds and Nonlinear Dimension Reduction via Local Tangent Space Alignment},
    journal = {SIAM Journal on Scientific Computing},
volume = {26},
number = {1},
pages = {313-338},
year = {2004},
}


@inproceedings{NCA:2004,
  title={Neighbourhood components analysis},
  author={Goldberger, Jacob and Roweis, Sam and Hinton, Geoff and Salakhutdinov, Ruslan},
  booktitle={NIPS},
  year={2004}
}



@inproceedings{ml:pedestrain:11,
 author = {Dikmen, Mert and Akbas, Emre and Huang, Thomas S. and Ahuja, Narendra},
 title = {Pedestrian Recognition with a Learned Metric},
 booktitle = {ACCV},
 year = {2011},
} 

@INPROCEEDINGS{ml:retrieval:06,
author={Hoi, S.C.H. and Wei Liu and Lyu, M.R. and Wei-Ying Ma},
booktitle={CVPR},
title={Learning Distance Metrics with Contextual Constraints for Image Retrieval},
year={2006},
}

@INPROCEEDINGS{ml:tracking:06,
author={Jie Yu and Qi Tian and Amores, J. and Sebe, N.},
booktitle={CVPR},
title={Toward Robust Distance Metric Analysis for Similarity Estimation},
year={2006},}

@INPROCEEDINGS{ml:face:09,
author={Guillaumin, M. and Verbeek, J. and Schmid, C.},
booktitle={ICCV},
title={Is that you? Metric learning approaches for face identification},
year={2009}}


@ARTICLE{ml:fast:search:09,
author={Kulis, B. and Jain, P. and Grauman, K.},
journal={PAMI},
title={Fast Similarity Search for Learned Metrics},
year={2009},
volume={31},
number={12},
pages={2143-2157},}

@inproceedings{ml:information:07,
  author    = {Jason V. Davis and
               Brian Kulis and
               Prateek Jain and
               Suvrit Sra and
               Inderjit S. Dhillon},
  title     = {Information-theoretic metric learning},
  booktitle = {ICML},
  year      = {2007},
}

@article{embedding:overview:09,
  title={Dimensionality reduction: A comparative review},
  author={van der Maaten, Laurens JP and Postma, Eric O and van den Herik, H Jaap},
  journal={Tech. Rep., Tilburg Uni.}, 
  year = {2009}, 
}

@INPROCEEDINGS{tl:event,
author={Lixin Duan and Dong Xu and Tsang, I.W. and Jiebo Luo},
booktitle={CVPR},
title={Visual event recognition in videos by learning from web data},
year={2010},
}

@inproceedings{tl:kernel:11,
 author = {Kulis, B. and Saenko, K. and Darrell, T.},
 title = {What You Saw is Not What You Get: Domain Adaptation Using Asymmetric Kernel Transforms},
 booktitle = {CVPR},
 year = {2011},
}

@INPROCEEDINGS{tl:attribute:09,
author={Lampert, C.H. and Nickisch, H. and Harmeling, S.},
booktitle={CVPR},
title={Learning to detect unseen object classes by between-class attribute transfer},
year={2009}
}


@article{Chang-CVPR-2004,
author = {Hong Chang and Dit-Yan Yeung and Yimin Xiong},
title = {Super-Resolution through Neighbor Embedding},
journal = {CVPR},
year = {2004}
}

@inproceedings{Dong-ECCV-2014,
author = {Dong, C. and Loy, C. C. and He, K. and Tang, X.},
title = {Learning a Deep Convolutional Network for Image Super-Resolution},
booktitle = {ECCV},
year = {2014},
}
@InProceedings{Yang-ICCV-2013,
author = {Chih-Yuan Yang and Ming-Hsuan Yang},
title = {Fast Direct Super-Resolution by Simple Functions},
booktitle = {ICCV},
year = {2013}
}
@inproceedings{Timofte-ICCV-2013,
author = {Radu Timofte and Vincent {De Smet} and Luc {Van Gool}},
title = {Anchored Neighborhood Regression for Fast Example-Based Super Resolution},
booktitle = {ICCV},
year = {2013},
}
@book{Tikhonov-BOOK-1977,
author = {Tikhonov, A. N. and Arsenin, V. Y.},
title = {Solution of Ill-posed Problems},
location = {Washington, USA},
publisher = {Winston \& Sons},
year = {1977},
isbn = {0-470-99124-0},
}
@article{Freeman-IJCV-2000,
  author    = {William T. Freeman and
               Egon C. Pasztor and
               Owen T. Carmichael},
  title     = {Learning Low-Level Vision},
  journal   = {International Journal of Computer Vision},
  volume    = {40},
  number    = {1},
  year      = {2000},
  pages     = {25-47},
  bibsource = {DBLP, http://dblp.uni-trier.de}
}

@article{Freeman-CGA-2002,
  author    = {William T. Freeman and
               Thouis R. Jones and
               Egon C. Pasztor},
  title     = {Example-Based Super-Resolution},
  journal   = {IEEE Computer Graphics and Applications},
  volume    = {22},
  number    = {2},
  year      = {2002},
  pages     = {56-65},
}


@incollection{SR:benchmark,
year={2014},
booktitle={ECCV},
title={Single-Image Super-Resolution: A Benchmark},
author={Yang, Chih-Yuan and Ma, Chao and Yang, Ming-Hsuan}
}


@ARTICLE{Yang-TIP-2010,
author={Jianchao Yang and Wright, J. and Huang, T.S. and Yi Ma},
journal={Image Processing, IEEE Transactions on}, 
title={Image Super-Resolution Via Sparse Representation},
year={2010},
volume={19},
number={11},
pages={2861-2873},
}
@INPROCEEDINGS{Glasner-ICCV-2009,
  author = {Daniel Glasner and Shai Bagon and Michal Irani},
  title = {Super-Resolution from a Single Image},
  booktitle = {ICCV},
  year = {2009},
}


﻿@Article{ISR:survey,
author="Nasrollahi, Kamal and Moeslund, Thomas B.",
title="Super-resolution: a comprehensive survey",
journal="Machine Vision and Applications",
year="2014",
volume="25",
number="6",
pages="1423--1468"
}

@ARTICLE{seven:way, 
title = "Seven ways to improve example-based single image super resolution", 
author = "Timofte, Radu and Rothe, Rasmus and  {Van Gool}, Luc", 
journal = "arXiv:1511.02228", 
year="2015"
}

@ARTICLE{ISR:SVM,
author={Ni, K.S. and Nguyen, T.Q.},
journal={Image Processing, IEEE Transactions on},
title={Image Superresolution Using Support Vector Regression},
year={2007},
volume={16},
number={6},
pages={1596-1610}}


@INPROCEEDINGS{ISR:internet,
author={Libin Sun and Hays, J.},
booktitle={ICCP},
title={Super-resolution from internet-scale scene matching},
year={2012}}



@article{Duchon-JAM-1979,
author = {Claude E. Duchon},
title = {{Lanczos Filtering in One and Two Dimensions}},
journal = {J. Appl. Meteorology},
volume = {18},
year = {1979},
pages = {1016--1022},
issue = {8},
doi = {10.1175/1520-0450(1979)018<1016:LFIOAT>2.0.CO;2},
masid = {44460391}
}

@article{Li-TIP-2001,
 author = {Li, Xin and Orchard, M. T.},
 title = {New edge-directed interpolation},
 journal = {Trans. Img. Proc.},
 volume = {10},
 number = {10},
 year = {2001},
 pages = {1521--1527},
} 

@article{vanOuwerkerk-IVC-2006,
title = "Image super-resolution survey",
journal = "Image and Vision Computing",
volume = "24",
number = "10",
pages = "1039 - 1052",
year = "2006",
note = "",
author = "J.D. van Ouwerkerk",
keywords = "Super-resolution",
keywords = "Single frame"
}

@inproceedings{Sun-CVPR-2008,
  author    = {Jian Sun and
               Zongben Xu and
               Heung-Yeung Shum},
  title     = {Image super-resolution using gradient profile prior},
  booktitle = {CVPR},
  year      = {2008},
}

@inproceedings{Zeyde-CS-2012,
  author    = {Roman Zeyde and
               Michael Elad and
               Matan Protter},
  title     = {On Single Image Scale-Up Using Sparse-Representations},
  booktitle = {Curves and Surfaces},
  year      = {2012},
  pages     = {711-730},
}

@article{Chang-CVPR-2004,
author = {Hong Chang and Dit-Yan Yeung and Yimin Xiong},
title = {Super-Resolution through Neighbor Embedding},
journal = {CVPR},
volume = {01},
year = {2004},
issn = {1063-6919},
pages = {275-282},
}

@inproceedings{Timofte-ACCV-2014,
author = {Radu Timofte and Vincent {De Smet} and Luc {Van Gool}},
title = {A+: Adjusted anchored neighborhood regression for fast super-resolution},
booktitle = {ACCV},
year = {2014},
}


@article{Timofte-PRL-2014,
author = {Radu Timofte and Luc {Van Gool}},
title = {Adaptive and Weighted Collaborative Representations for image classification},
journal = {Pattern Recognition Letters},
volumes = {43},
pages = {127-135},
year = {2014},
}

@article{Duchon-JAM-1979,
author = {Claude E. Duchon},
title = {{Lanczos Filtering in One and Two Dimensions}},
journal = {J. Appl. Meteorology},
volume = {18},
year = {1979},
pages = {1016--1022},
issue = {8}
}

@book{Thevenaz-BOOK-2000,
  title={Image interpolation and resampling},
  author={Th{\'e}venaz, Philippe and Blu, Thierry and Unser, Michael},
  year={2000},
  booktitle = {Handbook of Medical Imaging, Processing and Analysis},
  pages = {393--420}
}

@article{Timofte-PRL-2013,
author = {Radu Timofte and Luc {Van Gool}},
title = {Adaptive and Weighted Collaborative Representations for Image Classification},
journal = {Pattern Recognition Letters},
year  = {2013},
issn = "0167-8655",
doi = "http://dx.doi.org/10.1016/j.patrec.2013.08.010",
url = "http://www.sciencedirect.com/science/article/pii/S0167865513003140",
}

@inproceedings{Sun-CVPR-2008,
  added-at = {2011-10-23T00:00:00.000+0200},
  author = {Jian Sun and Zongben Xu and Heung-Yeung Shum},
  biburl = {http://www.bibsonomy.org/bibtex/26a23ec8598b24db184119e56f6a7b948/dblp},
  booktitle = {CVPR},
  crossref = {conf/cvpr/2008},
  ee = {http://dx.doi.org/10.1109/CVPR.2008.4587659},
  interhash = {260accf0f22da49ff78f78139fa78e05},
  intrahash = {6a23ec8598b24db184119e56f6a7b948},
  keywords = {dblp},
  publisher = {IEEE Computer Society},
  timestamp = {2011-10-23T00:00:00.000+0200},
  title = {Image super-resolution using gradient profile prior.},
  url = {http://dblp.uni-trier.de/db/conf/cvpr/cvpr2008.html#SunXS08},
  year = 2008
}

@inproceedings{Michaeli-ICCV-2013,
 author = {Michaeli, Tomer and Irani, Michal},
 title = {Nonparametric Blind Super-resolution},
 booktitle = {Proceedings of the 2013 IEEE International Conference on Computer Vision},
 series = {ICCV '13},
 year = {2013},
 isbn = {978-1-4799-2840-8},
 pages = {945--952},
 numpages = {8},
 url = {http://dx.doi.org/10.1109/ICCV.2013.121},
 doi = {10.1109/ICCV.2013.121},
 acmid = {2587207},
 publisher = {IEEE Computer Society},
 address = {Washington, DC, USA},
} 
@inproceedings{Sun-CVPR-2010,
  added-at = {2011-10-23T00:00:00.000+0200},
  author = {Jian Sun and Jiejie Zhu and Marshall F. Tappen},
  biburl = {http://www.bibsonomy.org/bibtex/2e8ecc9a204a61dc6df92a7e7f60be305/dblp},
  booktitle = {CVPR},
  crossref = {conf/cvpr/2010},
  ee = {http://dx.doi.org/10.1109/CVPR.2010.5540206},
  interhash = {5792f927d9484eaa6966d800cd95af01},
  intrahash = {e8ecc9a204a61dc6df92a7e7f60be305},
  keywords = {dblp},
  pages = {231-238},
  publisher = {IEEE},
  timestamp = {2011-10-23T00:00:00.000+0200},
  title = {Context-constrained hallucination for image super-resolution.},
  url = {http://dblp.uni-trier.de/db/conf/cvpr/cvpr2010.html#SunZT10},
  year = 2010
}
@InProceedings{Martin-ICCV-2001,
  author = {D. Martin and C. Fowlkes and D. Tal and J. Malik},
  title = {A Database of Human Segmented Natural Images and its
           Application to Evaluating Segmentation Algorithms and
           Measuring Ecological Statistics},
  booktitle = {ICCV},
  year = {2001}
}
@INPROCEEDINGS{Efrat-ICCV-2013,
  author = {Netalee Efrat and Daniel Glasner and Alexander Apartsin and Boaz Nadler and Anat Levin},
  title = {Accurate Blur Models vs. Image Priors in Single Image Super-Resolution},
  booktitle = {ICCV},
  year = {2013},
}

@INPROCEEDINGS{Tappen-WSCTV-2003,
    author = {Marshall F. Tappen and Bryan C. Russell and William T. Freeman},
    title = {Exploiting the Sparse Derivative Prior for Super-Resolution and Image Demosaicing},
    booktitle = {In IEEE Workshop on Statistical and Computational Theories of Vision},
    year = {2003}
}
@ARTICLE{Tschumperle-PAMI-2005,
author={Tschumperle, D. and Deriche, R.},
journal={PAMI},
title={Vector-valued image regularization with PDEs: a common framework for different applications},
year={2005},
volume={27},
number={4},
pages={506-517}
}


@incollection{selfsimaccv,
year={2011},
booktitle={ACCV},
title={Exploiting Self-similarities for Single Frame Super-Resolution},
author={Yang, Chih-Yuan and Huang, Jia-Bin and Yang, Ming-Hsuan}
}


@INPROCEEDINGS{Dai-CVPR-2007,
author={Shengyang Dai and Mei Han and Wei Xu and Ying Wu and Yihong Gong},
booktitle={CVPR},
title={Soft Edge Smoothness Prior for Alpha Channel Super Resolution},
year={2007},
}

@inproceedings{Yang-CVPR-2008,
  author    = {Jianchao Yang and
               John Wright and
               Thomas S. Huang and
               Yi Ma},
  title     = {Image super-resolution as sparse representation of raw image
               patches},
  booktitle = {CVPR},
  year      = {2008},
}
@InProceedings{Roweis-ICCV-2001,
  author =    	 {Sam Roweis and Saul, Lawrence},
  title =		 {Nonlinear dimensionality reduction by locally linear
                  embedding},
  booktitle =	 {ICCV},
  annote =		 {LLE algorithm},
  year =		 {2001},
}

@article{Tropp-TIT-2007,
  title = {Signal Recovery From Random Measurements Via Orthogonal Matching Pursuit},
  author ={Joel A. Tropp and Anna C. Gilbert},
  journal ={IEEE Transactions on Information Theory},
  volume = {53},
  number = {12},
  month = {December},
  year = {2007},
}

@article{Aharon-TSP-2006,
title = {{K-SVD:} An Algorithm for Designing Overcomplete
Dictionaries for Sparse Representation},
author = {Michal Aharon and Michael Elad and Alfred Bruckstein},
journal = {IEEE Transactions on Signal Processing},
volume = {54},
number = {11},
month = {November},
year = {2006},
}
@article{Fattal-TG-2007,
 author = {Fattal, Raanan},
 title = {Image Upsampling via Imposed Edge Statistics},
 journal = {ACM Trans. Graph.},
 issue_date = {July 2007},
 volume = {26},
 number = {3},
 month = jul,
 year = {2007},
 issn = {0730-0301},
 articleno = {95},
 url = {http://doi.acm.org/10.1145/1276377.1276496},
 doi = {10.1145/1276377.1276496},
 acmid = {1276496},
 publisher = {ACM},
 address = {New York, NY, USA},
 keywords = {Markov random field image modeling, image enhancement, image interpolation, super-resolution},
} 

@inproceedings{Fattal:2007:IUV:1275808.1276496,
 author = {Fattal, Raanan},
 title = {Image Upsampling via Imposed Edge Statistics},
 booktitle = {ACM SIGGRAPH 2007 Papers},
 series = {SIGGRAPH '07},
 year = {2007},
 location = {San Diego, California},
 articleno = {95},
 url = {http://doi.acm.org/10.1145/1275808.1276496},
 doi = {10.1145/1275808.1276496},
 acmid = {1276496},
 publisher = {ACM},
 address = {New York, NY, USA},
 keywords = {Markov random field image modeling, image enhancement, image interpolation, super-resolution},
} 

@ARTICLE{Ni-TIP-2007,
author={Ni, K.S. and Nguyen, T.Q.},
journal={Image Processing, IEEE Transactions on},
title={Image Superresolution Using Support Vector Regression},
year={2007},
month={June},
volume={16},
number={6},
pages={1596-1610},
keywords={discrete cosine transforms;image resolution;quadratic programming;regression analysis;support vector machines;DCT;classification techniques;convex optimization problem;discrete cosine transform;image superresolution problem;isolated image content;kernel learning problem;kernel resolution synthesis;quadratically constrained quadratic programming problem;semi-definite programming problem;support vector regression;Discrete cosine transforms;Engineering drawings;Extrapolation;Humans;Image resolution;Information filtering;Information filters;Kernel;Machine learning;Quadratic programming;Kernel matrix;nonlinear regression;resolution synthesis;superresolution;support vector regression (SVR);Algorithms;Artificial Intelligence;Data Interpretation, Statistical;Image Enhancement;Image Interpretation, Computer-Assisted;Imaging, Three-Dimensional;Pattern Recognition, Automated;Regression Analysis;Reproducibility of Results;Sensitivity and Specificity},
doi={10.1109/TIP.2007.896644},
ISSN={1057-7149},}
@ARTICLE{Kim-PAMI-2010,
author={Kwang In Kim and Younghee Kwon},
journal={PAMI},
title={Single-Image Super-Resolution Using Sparse Regression and Natural Image Prior},
year={2010},
volume={32},
number={6},
pages={1127-1133}}

@article{Freedman-TOG-2011,
 author = {Freedman, Gilad and Fattal, Raanan},
 title = {Image and Video Upscaling from Local Self-examples},
 journal = {ACM Trans. Graph.},
 issue_date = {April 2011},
 volume = {30},
 number = {2},
 month = apr,
 year = {2011},
 issn = {0730-0301},
 pages = {12:1--12:11},
 articleno = {12},
 numpages = {11},
 url = {http://doi.acm.org/10.1145/1944846.1944852},
 doi = {10.1145/1944846.1944852},
 acmid = {1944852},
 publisher = {ACM},
 address = {New York, NY, USA},
 keywords = {Image and video upscaling, natural image modeling, nondyadic filter banks, scale invariance, super-resolution, wavelets},
} 

@inproceedings{Kopf-SIG-2011,
 author = {Kopf, Johannes and Lischinski, Dani},
 title = {Depixelizing Pixel Art},
 booktitle = {ACM SIGGRAPH 2011 Papers},
 series = {SIGGRAPH '11},
 year = {2011},
 isbn = {978-1-4503-0943-1},
 location = {Vancouver, British Columbia, Canada},
 pages = {99:1--99:8},
 articleno = {99},
 numpages = {8},
 url = {http://doi.acm.org/10.1145/1964921.1964994},
 doi = {10.1145/1964921.1964994},
 acmid = {1964994},
 publisher = {ACM},
 address = {New York, NY, USA},
 keywords = {pixel art, upscaling, vectorization},
} 



@article{Buhmann:1998:DCQ,
	AUTHOR = {J. M. Buhmann and D. W. Fellner and M. Held and J.
		Ketterer and J. Puzicha},
	TITLE = {Dithered Color Quantization},
	JOURNAL = cgforum,
	EDITOR = {N. Ferreira and M. G{\"{o}}bel},
	VOLUME = {17},	NUMBER = {3},
	MONTH = Sep,	YEAR = {1998},	PAGES = {C219-C231},
	DOI = {10.1111/1467-8659.00269},
  NOTE = {(Proc. Eurographics'98)
	       \httpAddr{//diglib.eg.org/EG/CGF/volume17/issue3/ColQuant98}} }

@ARTICLE{Fellner-Helmberg93,
	AUTHOR = {Fellner, Dieter W. and Helmberg, Christoph},
	TITLE = {Robust Rendering of General Ellipses and Elliptical Arcs},
	JOURNAL = tog,
	VOLUME = {12},	NUMBER = {3},
	MONTH = Jul,	YEAR = {1993},	PAGES = {251-276},
  DOI= {10.1145/169711.169704}
  }

@BOOK (FolDamFeiHug.etal93,
	AUTHOR = {Foley, James D. and van Dam, Andries and
		Feiner, Stephen K. and Hughes, John F. and Phillips, R.},
	TITLE = {Introduction to Computer Graphics},
	PUBLISHER = {Addison-Wesley},
	YEAR = {1993} )

@ARTICLE{Kobbelt97-USHDR,
	author = {L. Kobbelt and M. Stamminger and H.-P. Seidel},
	title = {Using Subdivision on Hierarchical Data to Reconstruct Radiosity
		Distribution},
	JOURNAL = cgforum,
	volume = 16,	number = 3,	pages = {C347-C355},
	year = 1997,
	DOI = {10.1111/1467-8659.16.3conferenceissue.36},
	note = {(Proc. Eurographics'97)
	       \httpAddr{//diglib.eg.org/EG/CGF/volume16/issue3/CGF172.html}} }

@INPROCEEDINGS{Lafortune97-NARF,
	author = {Eric P. Lafortune and Sing-Choong Foo and Kenneth E. Torrance and
		Donald P. Greenberg},
	title = {Non-Linear Approximation of Reflectance Functions},
	booktitle = {Proc. SIGGRAPH '97},
	volume = 31,	pages = {117-126},
	year = 1997,
	DOI = {10.1145/258734.258801}
  }

@ARTICLE (Lous90,
	AUTHOR = {Y. Le Lous},
	TITLE = {Report on the {F}irst {E}urographics {W}orkshop on {V}isualization in
		{S}cientific {C}omputing},
	JOURNAL = cgforum,
	VOLUME = {9},	NUMBER = {4},
	MONTH = dec,	YEAR = {1990},	PAGES = {371-372},
  DOI= {10.1111/j.1467-8659.1990.tb00430.x}
  )

@ARTICLE (Seidel93,
	AUTHOR = {Seidel, Hans-Peter},
	TITLE = {Polar Forms for Geometrically Continuous Spline Curves of
		Arbitrary Degree},
	JOURNAL = tog,
	VOLUME = {12},	NUMBER = {1},
	MONTH = Jan,	YEAR = {1993},	PAGES = {1-34},
  DOI= {10.1145/169728.169726}
  )

@inproceedings{shashing:nips09,
  title={Spectral hashing},
  author={Weiss, Yair and Torralba, Antonio and Fergus, Rob},
  booktitle={NIPS},
  year={2009}
}


@inproceedings{mlhashing:icml11,
  title={Minimal loss hashing for compact binary codes},
  author={Norouzi, Mohammad and Blei, David M},
  booktitle={ICML},
  year={2011}
}


@incollection{deepnet:nips12,
title = {ImageNet Classification with Deep Convolutional Neural Networks},
author = {Alex Krizhevsky and Sutskever, Ilya and Geoffrey E. Hinton},
booktitle = {NIPS},
year = {2012},
}


@inproceedings{class:clapse:nips05,
  title={Metric learning by collapsing classes},
  author={Globerson, Amir and Roweis, Sam T},
  booktitle={NIPS},
  year={2005}
}


% super-resolution 

@inproceedings{Dong-ECCV-2014,
author = {Dong, C. and Loy, C. C. and He, K. and Tang, X.},
title = {Learning a Deep Convolutional Network for Image Super-Resolution},
booktitle = {ECCV},
year = {2014},
}
@InProceedings{Yang-ICCV-2013,
author = {Chih-Yuan Yang and Ming-Hsuan Yang},
title = {Fast Direct Super-Resolution by Simple Functions},
booktitle = {The IEEE International Conference on Computer Vision (ICCV)},
month = {December},
year = {2013}
}
@inproceedings{Timofte-ICCV-2013,
author = {Radu Timofte and Vincent {De Smet} and Luc {Van Gool}},
title = {Anchored Neighborhood Regression for Fast Example-Based Super Resolution},
booktitle = {ICCV},
year = {2013},
}
@book{Tikhonov-BOOK-1977,
author = {Tikhonov, A. N. and Arsenin, V. Y.},
title = {Solution of Ill-posed Problems},
location = {Washington, USA},
publisher = {Winston \& Sons},
year = {1977},
isbn = {0-470-99124-0},
}
@article{Freeman-IJCV-2000,
  author    = {William T. Freeman and
               Egon C. Pasztor and
               Owen T. Carmichael},
  title     = {Learning Low-Level Vision},
  journal   = {International Journal of Computer Vision},
  volume    = {40},
  number    = {1},
  year      = {2000},
  pages     = {25-47},
  bibsource = {DBLP, http://dblp.uni-trier.de}
}



@ARTICLE{Yang-TIP-2010,
author={Jianchao Yang and Wright, J. and Huang, T.S. and Yi Ma},
journal={Image Processing, IEEE Transactions on}, 
title={Image Super-Resolution Via Sparse Representation},
year={2010},
volume={19},
number={11},
pages={2861-2873},
}
@INPROCEEDINGS{Glasner-ICCV-2009,
  author = {Daniel Glasner and Shai Bagon and Michal Irani},
  title = {Super-Resolution from a Single Image},
  booktitle = {ICCV},
  year = {2009},
}
@article{Duchon-JAM-1979,
author = {Claude E. Duchon},
title = {{Lanczos Filtering in One and Two Dimensions}},
journal = {J. Appl. Meteorology},
volume = {18},
year = {1979},
pages = {1016--1022},
issue = {8},
doi = {10.1175/1520-0450(1979)018<1016:LFIOAT>2.0.CO;2},
masid = {44460391}
}

@article{Li-TIP-2001,
 author = {Li, Xin and Orchard, M. T.},
 title = {New edge-directed interpolation},
 journal = {Trans. Img. Proc.},
 volume = {10},
 number = {10},
 year = {2001},
 pages = {1521--1527},
} 

@article{vanOuwerkerk-IVC-2006,
title = "Image super-resolution survey",
journal = "Image and Vision Computing",
volume = "24",
number = "10",
pages = "1039 - 1052",
year = "2006",
note = "",
author = "J.D. van Ouwerkerk",
keywords = "Super-resolution",
keywords = "Single frame"
}

@inproceedings{Sun-CVPR-2008,
  author    = {Jian Sun and
               Zongben Xu and
               Heung-Yeung Shum},
  title     = {Image super-resolution using gradient profile prior},
  booktitle = {CVPR},
  year      = {2008},
}

@inproceedings{Zeyde-CS-2012,
  author    = {Roman Zeyde and
               Michael Elad and
               Matan Protter},
  title     = {On Single Image Scale-Up Using Sparse-Representations},
  booktitle = {Curves and Surfaces},
  year      = {2012},
  pages     = {711-730},
}

@article{Timofte-PRL-2014,
author = {Radu Timofte and Luc {Van Gool}},
title = {Adaptive and Weighted Collaborative Representations for image classification},
journal = {Pattern Recognition Letters},
volumes = {43},
pages = {127-135},
year = {2014},
}
@article{Timofte-PRL-2013,
author = {Radu Timofte and Luc {Van Gool}},
title = {Adaptive and Weighted Collaborative Representations for Image Classification},
journal = {Pattern Recognition Letters},
year  = {2013},
issn = "0167-8655",
doi = "http://dx.doi.org/10.1016/j.patrec.2013.08.010",
url = "http://www.sciencedirect.com/science/article/pii/S0167865513003140",
}

@inproceedings{Sun-CVPR-2008,
  added-at = {2011-10-23T00:00:00.000+0200},
  author = {Jian Sun and Zongben Xu and Heung-Yeung Shum},
  biburl = {http://www.bibsonomy.org/bibtex/26a23ec8598b24db184119e56f6a7b948/dblp},
  booktitle = {CVPR},
  crossref = {conf/cvpr/2008},
  ee = {http://dx.doi.org/10.1109/CVPR.2008.4587659},
  interhash = {260accf0f22da49ff78f78139fa78e05},
  intrahash = {6a23ec8598b24db184119e56f6a7b948},
  keywords = {dblp},
  publisher = {IEEE Computer Society},
  timestamp = {2011-10-23T00:00:00.000+0200},
  title = {Image super-resolution using gradient profile prior.},
  url = {http://dblp.uni-trier.de/db/conf/cvpr/cvpr2008.html#SunXS08},
  year = 2008
}

@inproceedings{Michaeli-ICCV-2013,
 author = {Michaeli, Tomer and Irani, Michal},
 title = {Nonparametric Blind Super-resolution},
 booktitle = {Proceedings of the 2013 IEEE International Conference on Computer Vision},
 series = {ICCV '13},
 year = {2013},
 isbn = {978-1-4799-2840-8},
 pages = {945--952},
 numpages = {8},
 url = {http://dx.doi.org/10.1109/ICCV.2013.121},
 doi = {10.1109/ICCV.2013.121},
 acmid = {2587207},
 publisher = {IEEE Computer Society},
 address = {Washington, DC, USA},
} 
@inproceedings{Sun-CVPR-2010,
  added-at = {2011-10-23T00:00:00.000+0200},
  author = {Jian Sun and Jiejie Zhu and Marshall F. Tappen},
  biburl = {http://www.bibsonomy.org/bibtex/2e8ecc9a204a61dc6df92a7e7f60be305/dblp},
  booktitle = {CVPR},
  crossref = {conf/cvpr/2010},
  ee = {http://dx.doi.org/10.1109/CVPR.2010.5540206},
  interhash = {5792f927d9484eaa6966d800cd95af01},
  intrahash = {e8ecc9a204a61dc6df92a7e7f60be305},
  keywords = {dblp},
  pages = {231-238},
  publisher = {IEEE},
  timestamp = {2011-10-23T00:00:00.000+0200},
  title = {Context-constrained hallucination for image super-resolution.},
  url = {http://dblp.uni-trier.de/db/conf/cvpr/cvpr2010.html#SunZT10},
  year = 2010
}
@InProceedings{Martin-ICCV-2001,
  author = {D. Martin and C. Fowlkes and D. Tal and J. Malik},
  title = {A Database of Human Segmented Natural Images and its
           Application to Evaluating Segmentation Algorithms and
           Measuring Ecological Statistics},
  booktitle = {ICCV},
  year = {2001}
}
@INPROCEEDINGS{Efrat-ICCV-2013,
  author = {Netalee Efrat and Daniel Glasner and Alexander Apartsin and Boaz Nadler and Anat Levin},
  title = {Accurate Blur Models vs. Image Priors in Single Image Super-Resolution},
  booktitle = {ICCV},
  year = {2013},
}

@collection{Thevenaz-BOOK-2000,
  title={Image interpolation and resampling},
  author={Th{\'e}venaz, Philippe and Blu, Thierry and Unser, Michael},
  year={2000},
  booktitle = {Handbook of Medical Imaging, Processing and Analysis},
  publisher = {Academic Press, San Diego CA, USA},
  pages = {393--420},
  editor = {I. Bankman},
}

@INPROCEEDINGS{Tappen-WSCTV-2003,
    author = {Marshall F. Tappen and Bryan C. Russell and William T. Freeman},
    title = {Exploiting the Sparse Derivative Prior for Super-Resolution and Image Demosaicing},
    booktitle = {In IEEE Workshop on Statistical and Computational Theories of Vision},
    year = {2003}
}
@ARTICLE{Tschumperle-PAMI-2005,
author={Tschumperle, D. and Deriche, R.},
journal={Pattern Analysis and Machine Intelligence, IEEE Transactions on},
title={Vector-valued image regularization with PDEs: a common framework for different applications},
year={2005},
month={April},
volume={27},
number={4},
pages={506-517},
doi={10.1109/TPAMI.2005.87},
ISSN={0162-8828},
}

@INPROCEEDINGS{Dai-CVPR-2007,
author={Shengyang Dai and Mei Han and Wei Xu and Ying Wu and Yihong Gong},
booktitle={Computer Vision and Pattern Recognition, 2007. CVPR '07. IEEE Conference on},
title={Soft Edge Smoothness Prior for Alpha Channel Super Resolution},
year={2007},
month={June},
pages={1-8},
keywords={edge detection;geometry;image colour analysis;image resolution;image segmentation;smoothing methods;Geocuts method;alpha channel super resolution;alpha matting technique;color image super resolution;edge segments normalization;image grid;intensity transitions;intuitive geometric explanation;soft cut metric;soft edge smoothness;Color;Image resolution;Image segmentation;Inverse problems;Laboratories;Length measurement;National electric code;Object recognition;Strontium;Video compression},
doi={10.1109/CVPR.2007.383028},
ISSN={1063-6919},
}

@inproceedings{Yang-CVPR-2008,
  author    = {Jianchao Yang and
               John Wright and
               Thomas S. Huang and
               Yi Ma},
  title     = {Image super-resolution as sparse representation of raw image
               patches},
  booktitle = {CVPR},
  year      = {2008},
}
@InProceedings{Roweis-ICCV-2001,
  author =    	 {Sam Roweis and Saul, Lawrence},
  title =		 {Nonlinear dimensionality reduction by locally linear
                  embedding},
  booktitle =	 {ICCV},
  annote =		 {LLE algorithm},
  year =		 {2001},
}


@InProceedings{sp:benchmark,
  author =    	 {Chih-Yuan Yang and Chao Ma and Ming-Hsuan Yang},
  title =		 {Single-Image Super-Resolution: A Benchmark},
  booktitle =	 {ECCV},
  year =		 {2014},
}


@article{Tropp-TIT-2007,
  title = {Signal Recovery From Random Measurements Via Orthogonal Matching Pursuit},
  author ={Joel A. Tropp and Anna C. Gilbert},
  journal ={IEEE Transactions on Information Theory},
  volume = {53},
  number = {12},
  month = {December},
  year = {2007},
}

@article{Aharon-TSP-2006,
title = {{K-SVD:} An Algorithm for Designing Overcomplete
Dictionaries for Sparse Representation},
author = {Michal Aharon and Michael Elad and Alfred Bruckstein},
journal = {IEEE Transactions on Signal Processing},
volume = {54},
number = {11},
month = {November},
year = {2006},
}
@article{Fattal-TG-2007,
 author = {Fattal, Raanan},
 title = {Image Upsampling via Imposed Edge Statistics},
 journal = {ACM Trans. Graph.},
 issue_date = {July 2007},
 volume = {26},
 number = {3},
 month = jul,
 year = {2007},
 issn = {0730-0301},
 articleno = {95},
 url = {http://doi.acm.org/10.1145/1276377.1276496},
 doi = {10.1145/1276377.1276496},
 acmid = {1276496},
 publisher = {ACM},
 address = {New York, NY, USA},
 keywords = {Markov random field image modeling, image enhancement, image interpolation, super-resolution},
} 

@inproceedings{Fattal:2007:IUV:1275808.1276496,
 author = {Fattal, Raanan},
 title = {Image Upsampling via Imposed Edge Statistics},
 booktitle = {ACM SIGGRAPH 2007 Papers},
 series = {SIGGRAPH '07},
 year = {2007},
 location = {San Diego, California},
 articleno = {95},
 url = {http://doi.acm.org/10.1145/1275808.1276496},
 doi = {10.1145/1275808.1276496},
 acmid = {1276496},
 publisher = {ACM},
 address = {New York, NY, USA},
 keywords = {Markov random field image modeling, image enhancement, image interpolation, super-resolution},
} 

@ARTICLE{Ni-TIP-2007,
author={Ni, K.S. and Nguyen, T.Q.},
journal={Image Processing, IEEE Transactions on},
title={Image Superresolution Using Support Vector Regression},
year={2007},
month={June},
volume={16},
number={6},
pages={1596-1610},
keywords={discrete cosine transforms;image resolution;quadratic programming;regression analysis;support vector machines;DCT;classification techniques;convex optimization problem;discrete cosine transform;image superresolution problem;isolated image content;kernel learning problem;kernel resolution synthesis;quadratically constrained quadratic programming problem;semi-definite programming problem;support vector regression;Discrete cosine transforms;Engineering drawings;Extrapolation;Humans;Image resolution;Information filtering;Information filters;Kernel;Machine learning;Quadratic programming;Kernel matrix;nonlinear regression;resolution synthesis;superresolution;support vector regression (SVR);Algorithms;Artificial Intelligence;Data Interpretation, Statistical;Image Enhancement;Image Interpretation, Computer-Assisted;Imaging, Three-Dimensional;Pattern Recognition, Automated;Regression Analysis;Reproducibility of Results;Sensitivity and Specificity},
doi={10.1109/TIP.2007.896644},
ISSN={1057-7149},}
@ARTICLE{Kim-PAMI-2010,
author={Kwang In Kim and Younghee Kwon},
journal={Pattern Analysis and Machine Intelligence, IEEE Transactions on},
title={Single-Image Super-Resolution Using Sparse Regression and Natural Image Prior},
year={2010},
month={June},
volume={32},
number={6},
pages={1127-1133},
keywords={gradient methods;image matching;image resolution;regression analysis;Kernel ridge regression;gradient descent;image resolution;kernel matching pursuit;natural image prior;sparse regression;Displays;Energy resolution;Image enhancement;Image resolution;Kernel;Machine learning;Machine learning algorithms;Matching pursuit algorithms;Spatial resolution;Testing;Computer vision;display algorithms.;image enhancement;machine learning},
doi={10.1109/TPAMI.2010.25},
ISSN={0162-8828},}

@article{Freedman-TOG-2011,
 author = {Freedman, Gilad and Fattal, Raanan},
 title = {Image and Video Upscaling from Local Self-examples},
 journal = {ACM Trans. Graph.},
 issue_date = {April 2011},
 volume = {30},
 number = {2},
 month = apr,
 year = {2011},
 issn = {0730-0301},
 pages = {12:1--12:11},
 articleno = {12},
 numpages = {11},
 url = {http://doi.acm.org/10.1145/1944846.1944852},
 doi = {10.1145/1944846.1944852},
 acmid = {1944852},
 publisher = {ACM},
 address = {New York, NY, USA},
 keywords = {Image and video upscaling, natural image modeling, nondyadic filter banks, scale invariance, super-resolution, wavelets},
} 

@inproceedings{Kopf-SIG-2011,
 author = {Kopf, Johannes and Lischinski, Dani},
 title = {Depixelizing Pixel Art},
 booktitle = {ACM SIGGRAPH 2011 Papers},
 series = {SIGGRAPH '11},
 year = {2011},
 isbn = {978-1-4503-0943-1},
 location = {Vancouver, British Columbia, Canada},
 pages = {99:1--99:8},
 articleno = {99},
 numpages = {8},
 url = {http://doi.acm.org/10.1145/1964921.1964994},
 doi = {10.1145/1964921.1964994},
 acmid = {1964994},
 publisher = {ACM},
 address = {New York, NY, USA},
 keywords = {pixel art, upscaling, vectorization},
} 



@article{Buhmann:1998:DCQ,
	AUTHOR = {J. M. Buhmann and D. W. Fellner and M. Held and J.
		Ketterer and J. Puzicha},
	TITLE = {Dithered Color Quantization},
	JOURNAL = cgforum,
	EDITOR = {N. Ferreira and M. G{\"{o}}bel},
	VOLUME = {17},	NUMBER = {3},
	MONTH = Sep,	YEAR = {1998},	PAGES = {C219-C231},
	DOI = {10.1111/1467-8659.00269},
  NOTE = {(Proc. Eurographics'98)
	       \httpAddr{//diglib.eg.org/EG/CGF/volume17/issue3/ColQuant98}} }

@ARTICLE{Fellner-Helmberg93,
	AUTHOR = {Fellner, Dieter W. and Helmberg, Christoph},
	TITLE = {Robust Rendering of General Ellipses and Elliptical Arcs},
	JOURNAL = tog,
	VOLUME = {12},	NUMBER = {3},
	MONTH = Jul,	YEAR = {1993},	PAGES = {251-276},
  DOI= {10.1145/169711.169704}
  }

@BOOK (FolDamFeiHug.etal93,
	AUTHOR = {Foley, James D. and van Dam, Andries and
		Feiner, Stephen K. and Hughes, John F. and Phillips, R.},
	TITLE = {Introduction to Computer Graphics},
	PUBLISHER = {Addison-Wesley},
	YEAR = {1993} )

@ARTICLE{Kobbelt97-USHDR,
	author = {L. Kobbelt and M. Stamminger and H.-P. Seidel},
	title = {Using Subdivision on Hierarchical Data to Reconstruct Radiosity
		Distribution},
	JOURNAL = cgforum,
	volume = 16,	number = 3,	pages = {C347-C355},
	year = 1997,
	DOI = {10.1111/1467-8659.16.3conferenceissue.36},
	note = {(Proc. Eurographics'97)
	       \httpAddr{//diglib.eg.org/EG/CGF/volume16/issue3/CGF172.html}} }

@INPROCEEDINGS{Lafortune97-NARF,
	author = {Eric P. Lafortune and Sing-Choong Foo and Kenneth E. Torrance and
		Donald P. Greenberg},
	title = {Non-Linear Approximation of Reflectance Functions},
	booktitle = {Proc. SIGGRAPH '97},
	volume = 31,	pages = {117-126},
	year = 1997,
	DOI = {10.1145/258734.258801}
  }

@ARTICLE (Lous90,
	AUTHOR = {Y. Le Lous},
	TITLE = {Report on the {F}irst {E}urographics {W}orkshop on {V}isualization in
		{S}cientific {C}omputing},
	JOURNAL = cgforum,
	VOLUME = {9},	NUMBER = {4},
	MONTH = dec,	YEAR = {1990},	PAGES = {371-372},
  DOI= {10.1111/j.1467-8659.1990.tb00430.x}
  )

@ARTICLE (Seidel93,
	AUTHOR = {Seidel, Hans-Peter},
	TITLE = {Polar Forms for Geometrically Continuous Spline Curves of
		Arbitrary Degree},
	JOURNAL = tog,
	VOLUME = {12},	NUMBER = {1},
	MONTH = Jan,	YEAR = {1993},	PAGES = {1-34},
  DOI= {10.1145/169728.169726}
  )

@article{tl:survey,
 author = {Pan, Sinno Jialin and Yang, Qiang},
 title = {A Survey on Transfer Learning},
 journal = {IEEE Trans. on Knowl. and Data Eng.},
 volume = {22},
 number = {10},
 year = {2010},
 pages = {1345--1359},
 } 


@inproceedings{icml10:large:graph:ssl,
  title={Large graph construction for scalable semi-supervised learning},
  author={Liu, Wei and He, Junfeng and Chang, Shih-Fu},
  booktitle={Proceedings of the 27th International Conference on Machine Learning (ICML-10)},
  pages={679--686},
  year={2010}
}

@article{ml:survey:13,
  title={A survey on metric learning for feature vectors and structured data},
  author={Bellet, Aur{\'e}lien and Habrard, Amaury and Sebban, Marc},
  journal={arXiv preprint arXiv:1306.6709},
  year={2013}
}


@INPROCEEDINGS{nips03:out-of-sample,
    author = {Yoshua Bengio and Jean-Francois Paiement and Pascal Vincent},
    title = {Out-of-Sample Extensions for LLE, Isomap, MDS, Eigenmaps, and Spectral Clustering},
    booktitle = {NIPS},
    year = {2003},
}


@incollection{deep:cascade,
year={2014},
booktitle={ECCV},
title={Deep Network Cascade for Image Super-resolution},
author={Cui, Zhen and Chang, Hong and Shan, Shiguang and Zhong, Bineng and Chen, Xilin}
}



@InProceedings{deep:bmvc14,
  author       = "Chatfield, K. and Simonyan, K. and Vedaldi, A. and Zisserman, A.",
  title        = "Return of the Devil in the Details: Delving Deep into Convolutional Nets",
  booktitle    = "BMVC",
  year         = "2014"
}


@article{MatConvNet,
     author    = {A. Vedaldi and K. Lenc},
     title     = {MatConvNet -- Convolutional Neural Networks for MATLAB},
     journal   = {CoRR},
     volume    = {abs/1412.4564},
     year      = {2014},
}

@InProceedings{JOR:EG15,
  author = {Dengxin Dai and Radu Timofte, and Luc {Van Gool}},
  title = {Jointly Optimized Regressors for Image Super-resolution},
  booktitle = {Eurographics},
  year = {2015},
  keywords = {}
}


@article{Freeman-CGA-2002,
  author    = {William T. Freeman and
               Thouis R. Jones and
               Egon C. Pasztor},
  title     = {Example-Based Super-Resolution},
  journal   = {IEEE Comput. Graph. Appl.},
  volume    = {22},
  number    = {2},
  year      = {2002},
  pages     = {56-65},
}


@inproceedings{DASA:iccv13,
 author = {Fernando, Basura and Habrard, Amaury and Sebban, Marc and Tuytelaars, Tinne},
 title = {Unsupervised Visual Domain Adaptation Using Subspace Alignment},
 booktitle = {ICCV},
 year = {2013}
} 

@INPROCEEDINGS{DA:iccv11,
author={Gopalan, R. and Ruonan Li and Chellappa, R.},
booktitle={ICCV},
title={Domain adaptation for object recognition: An unsupervised approach},
year={2011}
}


@inproceedings{mlrank:10,
  title={Metric learning to rank},
  author={McFee, Brian and Lanckriet, Gert R},
  booktitle={ICML},
  year={2010}
}

@inproceedings{IQ:cvpr11,
  title={Iterative quantization: A procrustean approach to learning binary codes},
  author={Gong, Yunchao and Lazebnik, Svetlana},
  booktitle={CVPR},
  year={2011}
}



@inproceedings{picture:story:10,
author = {Farhadi, Ali and Hejrati, Mohsen and Sadeghi, MA},
booktitle = {ECCV},
title = {Every picture tells a story: Generating sentences from images},
year = {2010}
}

@inproceedings{dollar2013structured,
  title={Structured forests for fast edge detection},
  author={Doll{\'a}r, Piotr and Zitnick, C Lawrence},
  booktitle={Computer Vision (ICCV), 2013 IEEE International Conference on},
  pages={1841--1848},
  year={2013},
  organization={IEEE}
}

@incollection{isola2014crisp,
  title={Crisp boundary detection using pointwise mutual information},
  author={Isola, Phillip and Zoran, Daniel and Krishnan, Dilip and Adelson, Edward H},
  booktitle={ECCV},
  year={2014}
}


@article{fan2014learning,
  title={Learning deep face representation},
  author={Fan, Haoqiang and Cao, Zhimin and Jiang, Yuning and Yin, Qi and Doudou, Chinchilla},
  journal={arXiv preprint arXiv:1403.2802},
  year={2014}
}

@TechReport{LFWTech,
  author =       {Gary B. Huang and Manu Ramesh and Tamara Berg and 
                  Erik Learned-Miller},
  title =        {Labeled Faces in the Wild: A Database for Studying 
                  Face Recognition in Unconstrained Environments},
  institution =  {University of Massachusetts, Amherst},
  year =         2007,
  number =       {07-49},
  month =        {October}}
  
  
  
@incollection{superpixel:eccv14,
  title={Superpixel Graph Label Transfer with Learned Distance Metric},
  author={Gould, Stephen and Zhao, Jiecheng and He, Xuming and Zhang, Yuhang},
  booktitle={ECCV 2014},
  year={2014}
  }
  
@inproceedings{37648,
title = {Reading Digits in Natural Images with Unsupervised Feature Learning},
author  = {Yuval Netzer and Tao Wang and Adam Coates and Alessandro Bissacco and Bo Wu and Andrew Y. Ng},
year  = 2011,
booktitle = {NIPS Workshop}
}

@TechReport{fddbTech,
  author = {Vidit Jain and Erik Learned-Miller},
  title =  {FDDB: A Benchmark for Face Detection in Unconstrained Settings},
  institution =  {University of Massachusetts, Amherst},
  year = {2010},
  number 

@inproceedings{viola2001rapid,
  title={Rapid object detection using a boosted cascade of simple features},
  author={Viola, Paul and Jones, Michael},
  booktitle={CVPR},
  year={2001}
}


@Inproceedings {face:SR08,
author       = {Pablo Hennings-Yeomans and Simon Baker and B.V.K. Vijaya Kumar},
booktitle    = {CVPR},
title        = {Simultaneous Super-Resolution and Feature Extraction for Recognition of Low
                Resolution Faces},
year         = {2008},
}

@ARTICLE{face:SRTIP, 
author={Gunturk, B.K. and Batur, A.U. and Altunbasak, Y. and Hayes, M.H. and Mersereau, R.M.}, 
journal={Image Processing, IEEE Transactions on}, 
title={Eigenface-domain super-resolution for face recognition}, 
year={2003}, 
volume={12}, 
number={5}, 
pages={597-606}
}


@InProceedings{SR_forest,
author = {Schulter, Samuel and Leistner, Christian and Bischof, Horst},
title = {Fast and Accurate Image Upscaling With Super-Resolution Forests},
booktitle = {CVPR},
year = {2015}
}

@InProceedings{dai:MI,
  author = { Dengxin Dai and Till Kroeger and Radu Timofte and Luc {Van Gool}},
  title = {Metric imitation by manifold transfer for efficient vision applications},
  booktitle = {CVPR},
  year = {2015}
}

@InProceedings{fully_cnn,
  title={Fully convolutional networks for semantic segmentation},
  author={Long, Jonathan and Shelhamer, Evan and Darrell, Trevor},
  booktitle={CVPR},
  year={2014}
}


@InProceedings{Huang_2015_CVPR,
author = {Huang, Jia-Bin and Singh, Abhishek and Ahuja, Narendra},
title = {Single Image Super-Resolution From Transformed Self-Exemplars},
booktitle = {CVPR},
year = {2015}
} 

@InProceedings{Zhu_2015_CVPR,
author = {Zhu, Yu and Zhang, Yanning and Bonev, Boyan and Yuille, Alan L.},
title = {Modeling Deformable Gradient Compositions for Single-Image Super-Resolution},
booktitle = {CVPR},
year = {2015}
} 

@InProceedings{Jing_2015_CVPR,
author = {Jing, Xiao-Yuan and Zhu, Xiaoke and Wu, Fei and You, Xinge and Liu, Qinglong and Yue, Dong and Hu, Ruimin and Xu, Baowen},
title = {Super-Resolution Person Re-Identification With Semi-Coupled Low-Rank Discriminant Dictionary Learning},
booktitle = {CVPR},
year = {2015}
}

@InProceedings{deeply:improved,
author = {Wang, Zhaowen and Liu, Ding and Yang, Jianchao and Han, Wei and Huang, Thomas},
title = {Deeply Improved Sparse Coding for Image Super-Resolution},
booktitle = {ICCV},
year = {2015}
}

@InProceedings{NBSRF,
author = {Salvador, Jordi  and Perez-Pellitero, Eduardo },
title = {Naive Bayes Super-Resolution Forest},
booktitle = {ICCV},
year = {2015}
}

@InProceedings{cSRF,
author = {Riegler, Gernot and Schulter, Samuel and R\"uther, Matthias and Bischof, Horst },
title = {Conditioned Regression Models for Non-Blind Single Image Super-Resolution},
booktitle = {ICCV},
year = {2015}
}

@INPROCEEDINGS{cnn:multi-scale, 
author={Donggeun Yoo and Sunggyun Park and Joon-Young Lee and In So Kweon}, 
booktitle={CVPR Workshop}, 
title={Multi-scale pyramid pooling for deep convolutional representation}, 
year={2015}, 
}


